tradingTime,volume,price,side
2021-06-23T14:21:28,5000.0,13.9,B
2021-06-23T14:21:23,3000.0,13.85,S
2021-06-23T14:21:21,100.0,13.9,B
2021-06-23T14:21:15,200.0,13.9,B
2021-06-23T14:21:07,1000.0,13.9,B
2021-06-23T14:21:04,500.0,13.9,B
2021-06-23T14:20:56,200.0,13.9,B
2021-06-23T14:20:40,1500.0,13.9,B
2021-06-23T14:20:29,500.0,13.9,B
2021-06-23T14:20:27,1000.0,13.9,B
2021-06-23T14:20:26,300.0,13.9,B
2021-06-23T14:19:58,100.0,13.9,B
2021-06-23T14:19:57,3000.0,13.85,S
2021-06-23T14:19:56,200.0,13.9,B
2021-06-23T14:19:45,2000.0,13.85,S
2021-06-23T14:19:44,100.0,13.9,B
2021-06-23T14:19:41,100.0,13.9,B
2021-06-23T14:19:37,500.0,13.9,B
2021-06-23T14:19:36,1000.0,13.9,B
2021-06-23T14:19:35,200.0,13.9,B
2021-06-23T14:19:23,100.0,13.9,B
2021-06-23T14:19:18,100.0,13.9,B
2021-06-23T14:19:16,4200.0,13.9,B
2021-06-23T14:19:16,500.0,13.9,B
2021-06-23T14:19:11,200.0,13.9,B
2021-06-23T14:19:08,6000.0,13.9,B
2021-06-23T14:18:57,100.0,13.9,B
2021-06-23T14:18:57,100.0,13.9,B
2021-06-23T14:18:53,100.0,13.9,B
2021-06-23T14:18:52,10000.0,13.9,B
2021-06-23T14:18:49,2000.0,13.9,B
2021-06-23T14:18:47,1000.0,13.9,B
2021-06-23T14:18:44,1000.0,13.9,B
2021-06-23T14:18:42,100.0,13.9,B
2021-06-23T14:18:32,3000.0,13.9,S
2021-06-23T14:18:31,1000.0,13.9,S
2021-06-23T14:18:31,2800.0,13.9,S
2021-06-23T14:18:31,300.0,13.9,S
2021-06-23T14:18:31,2200.0,13.9,S
2021-06-23T14:18:31,5100.0,13.9,S
2021-06-23T14:18:31,7300.0,13.9,S
2021-06-23T14:18:31,2000.0,13.9,S
2021-06-23T14:18:30,8200.0,13.9,S
2021-06-23T14:18:30,2400.0,13.9,S
2021-06-23T14:18:30,500.0,13.9,S
2021-06-23T14:18:30,4800.0,13.9,S
2021-06-23T14:18:30,1100.0,13.9,S
2021-06-23T14:18:30,50000.0,13.9,S
2021-06-23T14:18:30,3300.0,13.9,S
2021-06-23T14:18:30,700.0,13.9,S
2021-06-23T14:18:30,17300.0,13.9,S
2021-06-23T14:18:30,2100.0,13.9,S
2021-06-23T14:18:30,5000.0,13.9,S
2021-06-23T14:18:30,1400.0,13.9,S
2021-06-23T14:18:30,2100.0,13.9,S
2021-06-23T14:18:30,1700.0,13.9,S
2021-06-23T14:18:30,1200.0,13.9,S
2021-06-23T14:18:23,700.0,13.95,B
2021-06-23T14:18:11,200.0,13.95,B
2021-06-23T14:18:11,3000.0,13.95,B
2021-06-23T14:18:05,100.0,13.95,B
2021-06-23T14:18:00,1000.0,13.95,B
2021-06-23T14:17:44,900.0,13.95,B
2021-06-23T14:17:32,2000.0,13.95,B
2021-06-23T14:17:32,1000.0,13.95,B
2021-06-23T14:17:18,100.0,13.95,B
2021-06-23T14:17:17,400.0,13.95,B
2021-06-23T14:17:15,100.0,13.95,B
2021-06-23T14:17:14,500.0,13.95,B
2021-06-23T14:17:13,1000.0,13.95,B
2021-06-23T14:17:12,700.0,13.95,B
2021-06-23T14:16:49,42800.0,13.95,B
2021-06-23T14:16:43,500.0,13.95,B
2021-06-23T14:16:36,500.0,13.9,S
2021-06-23T14:16:19,2000.0,13.95,B
2021-06-23T14:16:07,500.0,13.95,B
2021-06-23T14:15:29,100.0,13.95,B
2021-06-23T14:15:29,100.0,13.95,B
2021-06-23T14:15:29,1000.0,13.95,B
2021-06-23T14:15:19,1000.0,13.95,B
2021-06-23T14:15:14,100.0,13.95,B
2021-06-23T14:15:14,5900.0,13.95,B
2021-06-23T14:14:57,2900.0,13.95,B
2021-06-23T14:14:51,1000.0,13.95,B
2021-06-23T14:14:47,200.0,13.95,B
2021-06-23T14:14:42,200.0,13.95,B
2021-06-23T14:14:32,300.0,13.95,B
2021-06-23T14:14:29,300.0,13.95,B
2021-06-23T14:14:22,300.0,13.95,B
2021-06-23T14:14:22,200.0,13.95,B
2021-06-23T14:14:12,500.0,13.95,B
2021-06-23T14:14:11,10000.0,13.95,B
2021-06-23T14:13:58,2200.0,13.95,B
2021-06-23T14:13:54,100.0,13.9,S
2021-06-23T14:13:47,4400.0,13.95,B
2021-06-23T14:13:41,100.0,13.95,B
2021-06-23T14:13:32,100.0,13.9,S
2021-06-23T14:13:26,48800.0,13.95,B
2021-06-23T14:13:24,200.0,13.9,S
2021-06-23T14:13:16,500.0,13.9,S
2021-06-23T14:13:10,1000.0,13.9,S
2021-06-23T14:12:40,1000.0,13.9,S
2021-06-23T14:12:38,3000.0,13.95,B
2021-06-23T14:12:32,2500.0,13.95,B
2021-06-23T14:12:07,3500.0,13.95,B
2021-06-23T14:12:03,600.0,13.95,B
2021-06-23T14:11:35,10000.0,13.95,B
2021-06-23T14:11:33,10000.0,13.95,B
2021-06-23T14:11:22,2000.0,13.9,S
2021-06-23T14:11:06,100.0,13.95,B
2021-06-23T14:10:41,800.0,13.95,B
2021-06-23T14:10:38,800.0,13.9,S
2021-06-23T14:10:35,400.0,13.95,B
2021-06-23T14:10:26,4700.0,13.9,S
2021-06-23T14:10:26,400.0,13.9,S
2021-06-23T14:10:26,24900.0,13.9,S
2021-06-23T14:10:18,3500.0,13.95,S
2021-06-23T14:09:48,6900.0,13.95,B
2021-06-23T14:09:47,100.0,13.95,B
2021-06-23T14:09:42,100.0,13.95,B
2021-06-23T14:09:41,2400.0,13.95,B
2021-06-23T14:09:40,1600.0,13.95,B
2021-06-23T14:09:33,100.0,13.95,S
2021-06-23T14:09:23,1500.0,13.95,B
2021-06-23T14:09:00,3000.0,13.95,B
2021-06-23T14:08:27,300.0,13.95,B
2021-06-23T14:07:28,1500.0,13.95,B
2021-06-23T14:07:25,800.0,13.95,B
2021-06-23T14:07:22,100.0,13.95,B
2021-06-23T14:07:12,4300.0,13.95,B
2021-06-23T14:07:00,200.0,13.95,B
2021-06-23T14:07:00,200.0,13.9,S
2021-06-23T14:06:56,900.0,13.95,B
2021-06-23T14:06:56,18000.0,13.95,B
2021-06-23T14:06:52,100.0,13.95,B
2021-06-23T14:06:48,4600.0,13.95,B
2021-06-23T14:06:41,2000.0,13.95,B
2021-06-23T14:06:41,1000.0,13.95,B
2021-06-23T14:06:33,5000.0,13.95,B
2021-06-23T14:06:33,700.0,13.9,S
2021-06-23T14:06:27,4500.0,13.95,B
2021-06-23T14:06:11,1300.0,13.95,B
2021-06-23T14:05:50,1000.0,13.9,S
2021-06-23T14:05:46,3000.0,13.9,S
2021-06-23T14:04:53,1000.0,13.9,B
2021-06-23T14:04:44,1800.0,13.9,B
2021-06-23T14:04:42,10000.0,13.95,B
2021-06-23T14:04:34,200.0,13.9,B
2021-06-23T14:04:17,1100.0,13.9,B
2021-06-23T14:04:17,3000.0,13.9,B
2021-06-23T14:03:57,16300.0,13.85,B
2021-06-23T14:03:57,18800.0,13.85,B
2021-06-23T14:03:56,100.0,13.85,B
2021-06-23T14:03:56,2000.0,13.8,S
2021-06-23T14:03:56,2000.0,13.8,S
2021-06-23T14:03:55,9600.0,13.8,S
2021-06-23T14:03:55,1600.0,13.8,S
2021-06-23T14:03:55,300.0,13.8,S
2021-06-23T14:03:55,4500.0,13.8,S
2021-06-23T14:03:53,1000.0,13.85,B
2021-06-23T14:03:44,3000.0,13.85,B
2021-06-23T14:03:37,200.0,13.85,B
2021-06-23T14:03:34,3000.0,13.85,B
2021-06-23T14:03:26,400.0,13.85,B
2021-06-23T14:03:23,2300.0,13.85,B
2021-06-23T14:03:21,5000.0,13.85,B
2021-06-23T14:03:19,800.0,13.85,B
2021-06-23T14:03:17,200.0,13.85,B
2021-06-23T14:03:15,10000.0,13.85,B
2021-06-23T14:03:14,400.0,13.85,B
2021-06-23T14:03:13,500.0,13.85,B
2021-06-23T14:03:09,1000.0,13.85,B
2021-06-23T14:03:09,1000.0,13.85,B
2021-06-23T14:03:06,200.0,13.85,B
2021-06-23T14:03:04,1000.0,13.85,B
2021-06-23T14:02:54,10000.0,13.85,B
2021-06-23T14:02:52,300.0,13.85,B
2021-06-23T14:02:48,500.0,13.85,B
2021-06-23T14:02:48,500.0,13.85,B
2021-06-23T14:02:47,600.0,13.8,S
2021-06-23T14:02:46,500.0,13.8,S
2021-06-23T14:02:45,10000.0,13.85,B
2021-06-23T14:02:39,200.0,13.85,B
2021-06-23T14:02:38,100.0,13.85,B
2021-06-23T14:02:38,2000.0,13.85,B
2021-06-23T14:02:25,4000.0,13.85,B
2021-06-23T14:02:24,1000.0,13.85,B
2021-06-23T14:02:24,80700.0,13.85,B
2021-06-23T14:02:14,500.0,13.85,B
2021-06-23T14:02:09,500.0,13.85,B
2021-06-23T14:01:54,100.0,13.85,B
2021-06-23T14:01:53,4500.0,13.85,B
2021-06-23T14:01:35,700.0,13.85,B
2021-06-23T14:01:29,100.0,13.85,B
2021-06-23T14:01:25,9600.0,13.8,S
2021-06-23T14:01:25,400.0,13.8,S
2021-06-23T14:01:15,1500.0,13.85,B
2021-06-23T14:01:14,10100.0,13.85,B
2021-06-23T14:01:04,48000.0,13.85,B
2021-06-23T14:01:03,200.0,13.85,B
2021-06-23T14:01:01,2000.0,13.85,B
2021-06-23T14:00:45,300.0,13.85,B
2021-06-23T14:00:42,700.0,13.85,B
2021-06-23T14:00:35,1000.0,13.85,B
2021-06-23T14:00:35,3000.0,13.85,B
2021-06-23T14:00:30,300.0,13.85,B
2021-06-23T14:00:30,500.0,13.85,B
2021-06-23T14:00:28,1000.0,13.85,B
2021-06-23T14:00:24,4800.0,13.85,B
2021-06-23T14:00:19,600.0,13.85,S
2021-06-23T14:00:14,24700.0,13.85,S
2021-06-23T14:00:14,2600.0,13.85,S
2021-06-23T14:00:14,200.0,13.85,S
2021-06-23T14:00:14,200.0,13.85,S
2021-06-23T14:00:14,12100.0,13.85,S
2021-06-23T14:00:14,300.0,13.85,S
2021-06-23T14:00:14,2400.0,13.85,S
2021-06-23T14:00:14,1200.0,13.85,S
2021-06-23T14:00:14,1200.0,13.85,S
2021-06-23T14:00:14,6200.0,13.85,S
2021-06-23T14:00:14,500.0,13.85,S
2021-06-23T14:00:13,2100.0,13.85,S
2021-06-23T14:00:13,4200.0,13.85,S
2021-06-23T14:00:13,2100.0,13.85,S
2021-06-23T14:00:10,600.0,13.85,S
2021-06-23T14:00:05,1000.0,13.9,B
2021-06-23T13:59:58,100.0,13.85,S
2021-06-23T13:59:50,100.0,13.9,B
2021-06-23T13:59:47,4000.0,13.85,S
2021-06-23T13:59:47,200.0,13.85,S
2021-06-23T13:59:40,1800.0,13.85,S
2021-06-23T13:59:39,200.0,13.9,B
2021-06-23T13:59:32,100.0,13.9,B
2021-06-23T13:59:10,5000.0,13.85,S
2021-06-23T13:59:01,200.0,13.9,B
2021-06-23T13:58:54,400.0,13.9,B
2021-06-23T13:58:50,1000.0,13.9,B
2021-06-23T13:58:50,100.0,13.9,B
2021-06-23T13:58:50,300.0,13.9,B
2021-06-23T13:58:45,10000.0,13.9,B
2021-06-23T13:58:43,2000.0,13.9,B
2021-06-23T13:58:29,1100.0,13.9,S
2021-06-23T13:58:29,200.0,13.9,S
2021-06-23T13:58:29,400.0,13.9,S
2021-06-23T13:58:29,6600.0,13.9,S
2021-06-23T13:58:29,10200.0,13.9,S
2021-06-23T13:58:25,15000.0,13.9,S
2021-06-23T13:58:23,100.0,13.9,S
2021-06-23T13:58:04,10000.0,13.9,S
2021-06-23T13:57:56,900.0,13.9,S
2021-06-23T13:57:38,9800.0,13.9,S
2021-06-23T13:57:38,10500.0,13.9,S
2021-06-23T13:57:38,40200.0,13.9,S
2021-06-23T13:57:38,21500.0,13.9,S
2021-06-23T13:57:38,5000.0,13.9,S
2021-06-23T13:57:38,13000.0,13.9,S
2021-06-23T13:57:37,800.0,13.95,B
2021-06-23T13:57:37,1000.0,13.95,B
2021-06-23T13:57:37,1200.0,13.95,B
2021-06-23T13:57:36,1000.0,13.95,B
2021-06-23T13:57:16,3000.0,13.95,B
2021-06-23T13:56:55,4000.0,13.9,S
2021-06-23T13:56:53,2000.0,13.9,S
2021-06-23T13:56:53,100.0,13.95,S
2021-06-23T13:56:51,600.0,13.95,S
2021-06-23T13:56:51,1100.0,13.95,S
2021-06-23T13:56:44,500.0,13.95,S
2021-06-23T13:56:29,500.0,13.95,S
2021-06-23T13:56:09,500.0,13.95,B
2021-06-23T13:56:03,3100.0,13.95,B
2021-06-23T13:56:00,2000.0,13.95,B
2021-06-23T13:55:56,100.0,13.95,S
2021-06-23T13:55:49,500.0,13.95,S
2021-06-23T13:55:48,2000.0,13.95,S
2021-06-23T13:55:48,10000.0,13.95,S
2021-06-23T13:55:46,1000.0,13.95,S
2021-06-23T13:55:29,2000.0,13.95,S
2021-06-23T13:54:39,200.0,13.95,S
2021-06-23T13:54:29,4300.0,14.0,S
2021-06-23T13:54:28,200.0,14.0,S
2021-06-23T13:54:24,5700.0,14.0,B
2021-06-23T13:54:23,3000.0,14.0,B
2021-06-23T13:54:21,9700.0,14.0,B
2021-06-23T13:54:17,2000.0,13.95,S
2021-06-23T13:54:00,2600.0,13.95,S
2021-06-23T13:53:59,100.0,14.0,B
2021-06-23T13:53:51,500.0,13.95,S
2021-06-23T13:53:15,700.0,14.0,B
2021-06-23T13:53:08,200.0,14.0,B
2021-06-23T13:52:44,100.0,14.0,B
2021-06-23T13:52:40,5000.0,14.0,B
2021-06-23T13:52:39,1000.0,14.0,B
2021-06-23T13:52:26,800.0,14.0,B
2021-06-23T13:52:20,500.0,14.0,B
2021-06-23T13:51:44,500.0,14.0,B
2021-06-23T13:51:32,3000.0,14.0,B
2021-06-23T13:51:26,1000.0,14.0,B
2021-06-23T13:51:20,500.0,14.0,B
2021-06-23T13:50:58,800.0,14.0,B
2021-06-23T13:50:49,200.0,14.0,S
2021-06-23T13:50:49,24000.0,14.0,S
2021-06-23T13:50:44,10500.0,14.0,S
2021-06-23T13:50:34,100.0,14.0,B
2021-06-23T13:49:54,100.0,14.0,B
2021-06-23T13:49:49,3000.0,14.0,B
2021-06-23T13:49:16,100.0,14.0,B
2021-06-23T13:49:09,100.0,14.0,B
2021-06-23T13:48:49,1000.0,14.0,B
2021-06-23T13:48:49,100.0,13.9,S
2021-06-23T13:48:39,26000.0,14.0,B
2021-06-23T13:48:39,3400.0,14.0,B
2021-06-23T13:48:39,11400.0,14.0,B
2021-06-23T13:48:39,9200.0,14.0,B
2021-06-23T13:48:18,1000.0,14.0,B
2021-06-23T13:48:11,200.0,13.9,B
2021-06-23T13:48:09,100.0,13.9,B
2021-06-23T13:48:09,200.0,13.9,B
2021-06-23T13:47:59,400.0,13.85,S
2021-06-23T13:47:49,2400.0,14.0,B
2021-06-23T13:47:35,1000.0,13.9,B
2021-06-23T13:47:30,3900.0,13.9,S
2021-06-23T13:47:30,11200.0,13.9,S
2021-06-23T13:47:30,100.0,13.9,S
2021-06-23T13:47:30,1300.0,13.9,S
2021-06-23T13:47:30,600.0,13.9,S
2021-06-23T13:47:01,1200.0,13.9,S
2021-06-23T13:46:47,900.0,13.9,B
2021-06-23T13:46:43,1100.0,13.9,S
2021-06-23T13:46:41,73000.0,14.0,B
2021-06-23T13:46:33,10000.0,14.0,B
2021-06-23T13:46:29,200.0,13.9,B
2021-06-23T13:46:26,300.0,13.9,B
2021-06-23T13:46:21,2000.0,13.9,B
2021-06-23T13:46:08,3900.0,13.9,B
2021-06-23T13:46:03,100.0,13.9,B
2021-06-23T13:45:58,4400.0,13.9,S
2021-06-23T13:45:46,200.0,13.9,S
2021-06-23T13:45:44,500.0,13.9,B
2021-06-23T13:45:40,700.0,13.9,B
2021-06-23T13:45:40,1000.0,13.85,S
2021-06-23T13:45:38,100.0,13.9,B
2021-06-23T13:45:14,5000.0,13.9,B
2021-06-23T13:45:11,2000.0,13.85,S
2021-06-23T13:45:06,300.0,13.9,B
2021-06-23T13:44:56,800.0,13.9,B
2021-06-23T13:44:53,2000.0,13.9,B
2021-06-23T13:44:52,500.0,13.9,B
2021-06-23T13:44:50,500.0,13.9,B
2021-06-23T13:44:48,1000.0,13.9,B
2021-06-23T13:44:44,1200.0,13.85,S
2021-06-23T13:44:44,2200.0,13.85,S
2021-06-23T13:44:44,1500.0,13.85,S
2021-06-23T13:44:33,100.0,13.9,B
2021-06-23T13:44:29,500.0,13.9,B
2021-06-23T13:44:24,3000.0,13.9,S
2021-06-23T13:44:24,5200.0,13.9,S
2021-06-23T13:44:24,1900.0,13.9,S
2021-06-23T13:44:24,300.0,13.9,S
2021-06-23T13:44:23,6000.0,13.9,S
2021-06-23T13:44:23,1100.0,13.9,S
2021-06-23T13:44:23,100.0,13.9,S
2021-06-23T13:44:23,400.0,13.9,S
2021-06-23T13:44:23,12600.0,13.9,S
2021-06-23T13:44:23,2900.0,13.9,S
2021-06-23T13:44:23,5700.0,13.95,S
2021-06-23T13:44:23,11700.0,13.95,S
2021-06-23T13:44:19,500.0,14.0,B
2021-06-23T13:44:14,100.0,13.95,S
2021-06-23T13:44:14,20700.0,13.95,S
2021-06-23T13:44:13,1200.0,14.0,B
2021-06-23T13:44:03,200.0,14.0,B
2021-06-23T13:43:59,6900.0,14.0,S
2021-06-23T13:43:59,3600.0,14.0,S
2021-06-23T13:43:59,200400.0,14.0,S
2021-06-23T13:43:57,10000.0,14.0,S
2021-06-23T13:43:55,100.0,14.05,B
2021-06-23T13:43:37,2500.0,14.05,S
2021-06-23T13:43:37,500.0,14.05,S
2021-06-23T13:43:37,10100.0,14.05,S
2021-06-23T13:43:34,1500.0,14.1,B
2021-06-23T13:43:24,4100.0,14.05,S
2021-06-23T13:43:24,500.0,14.05,S
2021-06-23T13:43:10,4400.0,14.1,S
2021-06-23T13:43:09,600.0,14.1,S
2021-06-23T13:43:09,400.0,14.1,S
2021-06-23T13:43:09,100.0,14.1,S
2021-06-23T13:43:06,14600.0,14.15,B
2021-06-23T13:43:05,900.0,14.1,S
2021-06-23T13:43:03,1100.0,14.1,S
2021-06-23T13:43:03,2900.0,14.1,S
2021-06-23T13:43:01,100.0,14.1,S
2021-06-23T13:42:59,500.0,14.1,S
2021-06-23T13:42:56,9500.0,14.1,S
2021-06-23T13:42:51,100000.0,14.1,S
2021-06-23T13:42:51,400.0,14.1,S
2021-06-23T13:42:50,2000.0,14.1,S
2021-06-23T13:42:49,1000.0,14.1,S
2021-06-23T13:42:47,2900.0,14.1,S
2021-06-23T13:42:46,100.0,14.15,B
2021-06-23T13:42:43,1500.0,14.15,B
2021-06-23T13:42:36,10000.0,14.1,S
2021-06-23T13:42:26,10000.0,14.1,S
2021-06-23T13:42:20,100.0,14.15,B
2021-06-23T13:42:19,3000.0,14.1,S
2021-06-23T13:42:17,2000.0,14.1,S
2021-06-23T13:42:12,5000.0,14.15,B
2021-06-23T13:42:11,5000.0,14.1,S
2021-06-23T13:42:05,12000.0,14.1,S
2021-06-23T13:42:05,50000.0,14.1,S
2021-06-23T13:41:57,100.0,14.1,S
2021-06-23T13:41:56,500.0,14.1,S
2021-06-23T13:41:55,100.0,14.1,S
2021-06-23T13:41:48,2000.0,14.1,S
2021-06-23T13:41:45,5000.0,14.05,S
2021-06-23T13:41:40,200.0,14.1,S
2021-06-23T13:41:21,115000.0,14.1,B
2021-06-23T13:41:18,1000.0,14.1,B
2021-06-23T13:41:12,300.0,14.1,B
2021-06-23T13:41:09,1000.0,14.1,B
2021-06-23T13:41:02,300.0,14.1,B
2021-06-23T13:40:59,10000.0,14.1,B
2021-06-23T13:40:59,600.0,14.1,B
2021-06-23T13:40:59,200.0,14.05,S
2021-06-23T13:40:44,400.0,14.1,B
2021-06-23T13:40:34,2000.0,14.1,B
2021-06-23T13:40:19,3000.0,14.05,S
2021-06-23T13:40:04,62100.0,14.05,B
2021-06-23T13:40:02,3600.0,14.05,B
2021-06-23T13:39:54,100.0,14.05,B
2021-06-23T13:39:51,2200.0,14.05,B
2021-06-23T13:39:48,1400.0,14.05,B
2021-06-23T13:39:34,3000.0,14.05,B
2021-06-23T13:39:20,200.0,14.05,B
2021-06-23T13:39:14,700.0,14.05,B
2021-06-23T13:39:09,9000.0,14.0,S
2021-06-23T13:39:04,2000.0,14.0,S
2021-06-23T13:39:02,12600.0,14.05,B
2021-06-23T13:38:37,300.0,14.0,S
2021-06-23T13:38:33,15000.0,14.05,B
2021-06-23T13:38:32,300.0,14.0,S
2021-06-23T13:38:25,1100.0,14.0,S
2021-06-23T13:38:23,5000.0,14.0,B
2021-06-23T13:38:19,12200.0,14.0,B
2021-06-23T13:38:19,900.0,14.0,B
2021-06-23T13:38:19,5000.0,14.0,B
2021-06-23T13:38:19,17000.0,14.0,B
2021-06-23T13:38:19,4900.0,14.0,B
2021-06-23T13:38:19,1000.0,14.0,B
2021-06-23T13:38:14,800.0,14.0,B
2021-06-23T13:38:14,200.0,14.0,B
2021-06-23T13:38:14,7100.0,14.0,B
2021-06-23T13:38:14,1900.0,14.0,B
2021-06-23T13:38:05,3300.0,14.0,B
2021-06-23T13:38:03,300.0,14.0,B
2021-06-23T13:38:02,1000.0,14.0,B
2021-06-23T13:37:35,200.0,14.0,B
2021-06-23T13:37:30,100.0,14.0,B
2021-06-23T13:37:27,1000.0,13.95,S
2021-06-23T13:37:16,2000.0,14.0,B
2021-06-23T13:37:10,900.0,14.0,B
2021-06-23T13:37:02,500.0,14.0,B
2021-06-23T13:36:56,2700.0,14.0,B
2021-06-23T13:36:49,2000.0,13.95,S
2021-06-23T13:36:39,1000.0,13.95,B
2021-06-23T13:36:39,3500.0,13.95,B
2021-06-23T13:36:39,15500.0,13.95,B
2021-06-23T13:36:38,500.0,13.9,S
2021-06-23T13:36:37,1000.0,13.95,B
2021-06-23T13:36:34,100.0,13.95,B
2021-06-23T13:36:25,12000.0,13.95,B
2021-06-23T13:36:25,2000.0,13.95,B
2021-06-23T13:36:09,1100.0,13.95,B
2021-06-23T13:36:07,3000.0,13.95,B
2021-06-23T13:36:06,10000.0,13.95,B
2021-06-23T13:36:04,300.0,13.95,B
2021-06-23T13:36:04,5000.0,13.95,B
2021-06-23T13:36:02,5000.0,13.95,B
2021-06-23T13:35:59,300.0,13.95,B
2021-06-23T13:35:58,10000.0,13.95,B
2021-06-23T13:35:57,200.0,13.95,B
2021-06-23T13:35:49,200.0,13.95,B
2021-06-23T13:35:49,300.0,13.95,B
2021-06-23T13:35:31,300.0,13.95,B
2021-06-23T13:35:28,1000.0,13.95,B
2021-06-23T13:35:27,1000.0,13.95,B
2021-06-23T13:35:22,200.0,13.95,B
2021-06-23T13:35:13,300.0,13.95,B
2021-06-23T13:35:13,400.0,13.95,B
2021-06-23T13:35:07,900.0,13.95,B
2021-06-23T13:34:42,2400.0,13.95,B
2021-06-23T13:34:32,1000.0,13.95,B
2021-06-23T13:34:27,2000.0,13.95,B
2021-06-23T13:34:27,200.0,13.95,B
2021-06-23T13:34:18,2300.0,13.95,B
2021-06-23T13:34:17,1000.0,13.95,B
2021-06-23T13:34:12,400.0,13.95,B
2021-06-23T13:34:10,12000.0,13.95,B
2021-06-23T13:33:50,22100.0,13.95,B
2021-06-23T13:33:50,2000.0,13.95,B
2021-06-23T13:33:49,3000.0,13.95,B
2021-06-23T13:33:36,100.0,13.95,B
2021-06-23T13:33:33,4400.0,13.95,B
2021-06-23T13:33:26,100.0,13.95,B
2021-06-23T13:33:18,100.0,13.95,B
2021-06-23T13:33:05,500.0,13.95,B
2021-06-23T13:33:03,4000.0,13.95,B
2021-06-23T13:33:00,100.0,13.95,B
2021-06-23T13:32:59,300.0,13.9,S
2021-06-23T13:32:49,1000.0,13.95,B
2021-06-23T13:32:49,900.0,13.95,B
2021-06-23T13:32:47,2000.0,13.95,B
2021-06-23T13:32:39,4900.0,13.95,B
2021-06-23T13:32:30,100.0,13.95,B
2021-06-23T13:32:30,500.0,13.9,S
2021-06-23T13:32:27,5000.0,13.95,B
2021-06-23T13:32:27,5900.0,13.95,B
2021-06-23T13:32:18,1100.0,13.95,B
2021-06-23T13:32:08,200.0,13.95,B
2021-06-23T13:32:04,5800.0,13.95,B
2021-06-23T13:31:42,2100.0,13.9,B
2021-06-23T13:31:34,600.0,13.9,B
2021-06-23T13:31:29,2000.0,13.9,B
2021-06-23T13:31:21,7100.0,13.85,B
2021-06-23T13:31:18,2500.0,13.85,B
2021-06-23T13:31:16,100.0,13.85,B
2021-06-23T13:31:08,300.0,13.85,B
2021-06-23T13:31:05,100.0,13.85,B
2021-06-23T13:30:56,200.0,13.85,B
2021-06-23T13:30:51,1700.0,13.85,B
2021-06-23T13:30:50,200.0,13.85,B
2021-06-23T13:30:49,300.0,13.85,B
2021-06-23T13:30:48,6700.0,13.85,B
2021-06-23T13:30:45,2600.0,13.85,B
2021-06-23T13:30:29,5000.0,13.8,S
2021-06-23T13:30:25,1400.0,13.8,B
2021-06-23T13:30:15,1000.0,13.8,B
2021-06-23T13:30:10,100.0,13.8,B
2021-06-23T13:30:07,1000.0,13.8,B
2021-06-23T13:30:04,100.0,13.8,B
2021-06-23T13:30:04,3000.0,13.75,S
2021-06-23T13:30:00,700.0,13.8,B
2021-06-23T13:29:43,5000.0,13.8,B
2021-06-23T13:29:40,1000.0,13.75,S
2021-06-23T13:29:33,2000.0,13.8,B
2021-06-23T13:29:22,100.0,13.8,B
2021-06-23T13:29:22,1900.0,13.8,B
2021-06-23T13:29:16,800.0,13.75,S
2021-06-23T13:29:12,1500.0,13.75,S
2021-06-23T13:29:06,200.0,13.75,S
2021-06-23T13:28:54,300.0,13.8,B
2021-06-23T13:28:49,2200.0,13.75,B
2021-06-23T13:28:49,2200.0,13.75,B
2021-06-23T13:28:49,9800.0,13.75,B
2021-06-23T13:28:49,500.0,13.75,B
2021-06-23T13:28:49,100.0,13.75,B
2021-06-23T13:28:41,200.0,13.7,S
2021-06-23T13:28:36,100.0,13.75,B
2021-06-23T13:28:16,100.0,13.75,B
2021-06-23T13:28:15,2000.0,13.75,B
2021-06-23T13:28:14,2000.0,13.75,B
2021-06-23T13:27:57,5000.0,13.7,S
2021-06-23T13:27:51,100.0,13.75,B
2021-06-23T13:27:49,20000.0,13.75,B
2021-06-23T13:27:43,200.0,13.75,B
2021-06-23T13:27:43,900.0,13.6,S
2021-06-23T13:27:43,200.0,13.6,S
2021-06-23T13:27:43,200.0,13.6,S
2021-06-23T13:27:43,10000.0,13.6,S
2021-06-23T13:27:43,11900.0,13.6,S
2021-06-23T13:27:43,3000.0,13.6,S
2021-06-23T13:27:43,9000.0,13.6,S
2021-06-23T13:27:43,5600.0,13.6,S
2021-06-23T13:27:43,11100.0,13.6,S
2021-06-23T13:27:43,2100.0,13.6,S
2021-06-23T13:27:43,19000.0,13.6,S
2021-06-23T13:27:43,18300.0,13.6,S
2021-06-23T13:27:43,8700.0,13.6,S
2021-06-23T13:27:43,3100.0,13.6,S
2021-06-23T13:27:43,1100.0,13.6,S
2021-06-23T13:27:43,3100.0,13.6,S
2021-06-23T13:27:43,60300.0,13.6,S
2021-06-23T13:27:43,18900.0,13.6,S
2021-06-23T13:27:43,6000.0,13.6,S
2021-06-23T13:27:43,4800.0,13.6,S
2021-06-23T13:27:43,16200.0,13.6,S
2021-06-23T13:27:43,10000.0,13.6,S
2021-06-23T13:27:43,4800.0,13.6,S
2021-06-23T13:27:43,500.0,13.6,S
2021-06-23T13:27:42,500.0,13.6,S
2021-06-23T13:27:42,3000.0,13.6,S
2021-06-23T13:27:42,100.0,13.6,S
2021-06-23T13:27:42,12000.0,13.6,S
2021-06-23T13:27:42,6900.0,13.6,S
2021-06-23T13:27:42,600.0,13.6,S
2021-06-23T13:27:42,10100.0,13.6,S
2021-06-23T13:27:42,3000.0,13.6,S
2021-06-23T13:27:42,4100.0,13.6,S
2021-06-23T13:27:42,31000.0,13.6,S
2021-06-23T13:27:42,2000.0,13.6,S
2021-06-23T13:27:42,10600.0,13.6,S
2021-06-23T13:27:42,5400.0,13.6,S
2021-06-23T13:27:42,1100.0,13.6,S
2021-06-23T13:27:42,11500.0,13.6,S
2021-06-23T13:27:42,1000.0,13.6,S
2021-06-23T13:27:42,5200.0,13.6,S
2021-06-23T13:27:40,12200.0,13.6,S
2021-06-23T13:27:40,10000.0,13.6,S
2021-06-23T13:27:40,100.0,13.6,S
2021-06-23T13:27:40,2600.0,13.6,S
2021-06-23T13:27:40,6300.0,13.6,S
2021-06-23T13:27:40,5200.0,13.6,S
2021-06-23T13:27:40,1200.0,13.6,S
2021-06-23T13:27:40,5000.0,13.6,S
2021-06-23T13:27:40,1500.0,13.6,S
2021-06-23T13:27:40,1300.0,13.6,S
2021-06-23T13:27:40,800.0,13.6,S
2021-06-23T13:27:40,300.0,13.6,S
2021-06-23T13:27:40,11800.0,13.6,S
2021-06-23T13:27:40,11100.0,13.6,S
2021-06-23T13:27:40,3000.0,13.6,S
2021-06-23T13:27:40,7500.0,13.6,S
2021-06-23T13:27:40,1100.0,13.6,S
2021-06-23T13:27:40,1200.0,13.6,S
2021-06-23T13:27:40,800.0,13.6,S
2021-06-23T13:27:40,1100.0,13.6,S
2021-06-23T13:27:40,1200.0,13.6,S
2021-06-23T13:27:40,4100.0,13.6,S
2021-06-23T13:27:40,11000.0,13.6,S
2021-06-23T13:27:40,2700.0,13.6,S
2021-06-23T13:27:40,7200.0,13.6,S
2021-06-23T13:27:40,2100.0,13.6,S
2021-06-23T13:27:40,17000.0,13.6,S
2021-06-23T13:27:40,4300.0,13.6,S
2021-06-23T13:27:40,1100.0,13.6,S
2021-06-23T13:27:40,3000.0,13.6,S
2021-06-23T13:27:40,2300.0,13.6,S
2021-06-23T13:27:40,300.0,13.65,S
2021-06-23T13:27:40,24100.0,13.65,S
2021-06-23T13:27:40,1100.0,13.65,S
2021-06-23T13:27:40,8300.0,13.65,S
2021-06-23T13:27:40,2500.0,13.65,S
2021-06-23T13:27:40,8000.0,13.65,S
2021-06-23T13:27:40,11100.0,13.65,S
2021-06-23T13:27:40,5100.0,13.65,S
2021-06-23T13:27:40,1700.0,13.65,S
2021-06-23T13:27:40,10700.0,13.7,S
2021-06-23T13:27:40,6000.0,13.7,S
2021-06-23T13:27:39,100.0,13.7,S
2021-06-23T13:27:39,500.0,13.7,S
2021-06-23T13:27:39,6100.0,13.7,S
2021-06-23T13:27:39,1800.0,13.7,S
2021-06-23T13:27:39,35600.0,13.7,S
2021-06-23T13:27:35,100.0,13.7,S
2021-06-23T13:27:29,600.0,13.75,B
2021-06-23T13:27:27,300.0,13.75,B
2021-06-23T13:27:27,1000.0,13.75,B
2021-06-23T13:27:24,400.0,13.75,B
2021-06-23T13:27:15,200.0,13.75,B
2021-06-23T13:27:13,200.0,13.75,B
2021-06-23T13:27:11,100.0,13.75,B
2021-06-23T13:27:09,2000.0,13.75,B
2021-06-23T13:27:03,2000.0,13.75,B
2021-06-23T13:27:02,9300.0,13.7,S
2021-06-23T13:27:00,1000.0,13.75,B
2021-06-23T13:26:55,1000.0,13.75,B
2021-06-23T13:26:51,500.0,13.7,S
2021-06-23T13:26:46,2000.0,13.7,B
2021-06-23T13:26:43,1000.0,13.75,B
2021-06-23T13:26:39,500.0,13.75,B
2021-06-23T13:26:36,100.0,13.75,B
2021-06-23T13:26:36,2000.0,13.7,B
2021-06-23T13:26:35,6500.0,13.75,B
2021-06-23T13:26:32,100.0,13.7,B
2021-06-23T13:26:30,3700.0,13.7,B
2021-06-23T13:26:29,10000.0,13.7,B
2021-06-23T13:26:27,300.0,13.7,B
2021-06-23T13:26:23,300.0,13.7,B
2021-06-23T13:26:23,109200.0,13.7,B
2021-06-23T13:26:22,500.0,13.7,B
2021-06-23T13:26:21,1000.0,13.7,B
2021-06-23T13:26:19,2300.0,13.7,B
2021-06-23T13:26:19,1000.0,13.7,B
2021-06-23T13:26:15,2000.0,13.7,S
2021-06-23T13:26:15,1100.0,13.7,S
2021-06-23T13:26:15,100.0,13.7,S
2021-06-23T13:26:15,33200.0,13.7,S
2021-06-23T13:26:15,10700.0,13.7,S
2021-06-23T13:26:15,1000.0,13.7,S
2021-06-23T13:26:15,4300.0,13.7,S
2021-06-23T13:26:15,13000.0,13.7,S
2021-06-23T13:26:10,1300.0,13.7,S
2021-06-23T13:26:10,6000.0,13.7,S
2021-06-23T13:26:10,600.0,13.7,S
2021-06-23T13:26:09,10000.0,13.75,B
2021-06-23T13:26:04,200.0,13.75,B
2021-06-23T13:26:03,400.0,13.75,B
2021-06-23T13:25:53,200.0,13.75,B
2021-06-23T13:25:47,10000.0,13.75,B
2021-06-23T13:25:47,300.0,13.75,B
2021-06-23T13:25:45,1000.0,13.75,B
2021-06-23T13:25:41,5000.0,13.75,B
2021-06-23T13:25:36,500.0,13.75,B
2021-06-23T13:25:36,100.0,13.75,B
2021-06-23T13:25:30,100.0,13.7,S
2021-06-23T13:25:14,100.0,13.75,B
2021-06-23T13:25:04,1000.0,13.75,B
2021-06-23T13:24:58,100.0,13.75,B
2021-06-23T13:24:47,600.0,13.7,S
2021-06-23T13:24:45,4000.0,13.7,S
2021-06-23T13:24:36,500.0,13.75,B
2021-06-23T13:24:34,9300.0,13.6,S
2021-06-23T13:24:34,20000.0,13.6,S
2021-06-23T13:24:33,4500.0,13.6,S
2021-06-23T13:24:33,700.0,13.6,S
2021-06-23T13:24:33,15500.0,13.6,S
2021-06-23T13:24:33,1300.0,13.6,S
2021-06-23T13:24:33,1000.0,13.6,S
2021-06-23T13:24:33,300.0,13.6,S
2021-06-23T13:24:33,12100.0,13.6,S
2021-06-23T13:24:33,5100.0,13.6,S
2021-06-23T13:24:33,1200.0,13.6,S
2021-06-23T13:24:33,2800.0,13.6,S
2021-06-23T13:24:33,9100.0,13.6,S
2021-06-23T13:24:33,3300.0,13.6,S
2021-06-23T13:24:33,8400.0,13.6,S
2021-06-23T13:24:33,1100.0,13.6,S
2021-06-23T13:24:33,1700.0,13.6,S
2021-06-23T13:24:31,2600.0,13.6,S
2021-06-23T13:24:31,10800.0,13.6,S
2021-06-23T13:24:31,6100.0,13.6,S
2021-06-23T13:24:31,1700.0,13.6,S
2021-06-23T13:24:31,1600.0,13.6,S
2021-06-23T13:24:31,1500.0,13.6,S
2021-06-23T13:24:31,1600.0,13.6,S
2021-06-23T13:24:31,600.0,13.6,S
2021-06-23T13:24:31,1200.0,13.6,S
2021-06-23T13:24:31,50300.0,13.6,S
2021-06-23T13:24:31,3500.0,13.6,S
2021-06-23T13:24:31,1000.0,13.6,S
2021-06-23T13:24:31,3700.0,13.6,S
2021-06-23T13:24:31,3000.0,13.6,S
2021-06-23T13:24:31,7000.0,13.6,S
2021-06-23T13:24:31,300.0,13.6,S
2021-06-23T13:24:31,200.0,13.6,S
2021-06-23T13:24:31,2900.0,13.6,S
2021-06-23T13:24:31,15000.0,13.6,S
2021-06-23T13:24:31,4100.0,13.6,S
2021-06-23T13:24:31,10900.0,13.6,S
2021-06-23T13:24:31,11600.0,13.6,S
2021-06-23T13:24:31,6000.0,13.6,S
2021-06-23T13:24:31,2300.0,13.6,S
2021-06-23T13:24:31,2400.0,13.6,S
2021-06-23T13:24:31,5500.0,13.6,S
2021-06-23T13:24:31,6200.0,13.6,S
2021-06-23T13:24:31,100.0,13.6,S
2021-06-23T13:24:31,10000.0,13.6,S
2021-06-23T13:24:31,4300.0,13.6,S
2021-06-23T13:24:31,2000.0,13.6,S
2021-06-23T13:24:31,200.0,13.6,S
2021-06-23T13:24:31,400.0,13.6,S
2021-06-23T13:24:31,3000.0,13.6,S
2021-06-23T13:24:31,2200.0,13.6,S
2021-06-23T13:24:31,1100.0,13.6,S
2021-06-23T13:24:31,1200.0,13.6,S
2021-06-23T13:24:31,1300.0,13.6,S
2021-06-23T13:24:31,1500.0,13.6,S
2021-06-23T13:24:31,300.0,13.6,S
2021-06-23T13:24:31,3700.0,13.6,S
2021-06-23T13:24:31,3000.0,13.6,S
2021-06-23T13:24:31,7900.0,13.6,S
2021-06-23T13:24:31,10200.0,13.6,S
2021-06-23T13:24:31,2000.0,13.6,S
2021-06-23T13:24:31,5100.0,13.6,S
2021-06-23T13:24:31,1300.0,13.6,S
2021-06-23T13:24:31,6000.0,13.6,S
2021-06-23T13:24:31,2200.0,13.6,S
2021-06-23T13:24:31,1400.0,13.6,S
2021-06-23T13:24:31,13500.0,13.6,S
2021-06-23T13:24:31,13000.0,13.6,S
2021-06-23T13:24:30,5000.0,13.6,S
2021-06-23T13:24:30,2500.0,13.6,S
2021-06-23T13:24:30,11800.0,13.6,S
2021-06-23T13:24:30,3000.0,13.65,S
2021-06-23T13:24:30,100.0,13.65,S
2021-06-23T13:24:30,1500.0,13.65,S
2021-06-23T13:24:30,6000.0,13.65,S
2021-06-23T13:24:30,3200.0,13.65,S
2021-06-23T13:24:30,600.0,13.65,S
2021-06-23T13:24:30,50100.0,13.65,S
2021-06-23T13:24:30,800.0,13.65,S
2021-06-23T13:24:30,600.0,13.65,S
2021-06-23T13:24:30,600.0,13.65,S
2021-06-23T13:24:30,300.0,13.65,S
2021-06-23T13:24:30,10000.0,13.65,S
2021-06-23T13:24:30,4200.0,13.65,S
2021-06-23T13:24:30,1100.0,13.65,S
2021-06-23T13:24:30,1300.0,13.65,S
2021-06-23T13:24:30,9300.0,13.65,S
2021-06-23T13:24:30,7900.0,13.65,S
2021-06-23T13:24:29,1700.0,13.65,S
2021-06-23T13:24:29,120500.0,13.65,S
2021-06-23T13:24:21,2000.0,13.7,S
2021-06-23T13:24:15,2000.0,13.75,B
2021-06-23T13:24:15,100.0,13.7,S
2021-06-23T13:24:15,5100.0,13.7,S
2021-06-23T13:24:15,2000.0,13.7,S
2021-06-23T13:24:15,3200.0,13.7,S
2021-06-23T13:24:15,5200.0,13.7,S
2021-06-23T13:24:15,300.0,13.7,S
2021-06-23T13:24:15,1200.0,13.7,S
2021-06-23T13:24:15,4500.0,13.7,S
2021-06-23T13:24:04,4700.0,13.7,S
2021-06-23T13:24:04,5000.0,13.75,B
2021-06-23T13:24:04,1000.0,13.7,S
2021-06-23T13:23:57,6100.0,13.7,S
2021-06-23T13:23:54,7700.0,13.75,B
2021-06-23T13:23:54,200.0,13.75,B
2021-06-23T13:23:52,800.0,13.75,B
2021-06-23T13:23:50,100.0,13.75,B
2021-06-23T13:23:50,3500.0,13.75,B
2021-06-23T13:23:50,2700.0,13.75,B
2021-06-23T13:23:50,1000.0,13.7,S
2021-06-23T13:23:50,2100.0,13.7,S
2021-06-23T13:23:50,1100.0,13.7,S
2021-06-23T13:23:49,6600.0,13.7,S
2021-06-23T13:23:49,2400.0,13.7,S
2021-06-23T13:23:49,3000.0,13.7,S
2021-06-23T13:23:48,12300.0,13.7,S
2021-06-23T13:23:48,5000.0,13.75,B
2021-06-23T13:23:42,100.0,13.75,B
2021-06-23T13:23:34,100.0,13.75,B
2021-06-23T13:23:29,600.0,13.75,B
2021-06-23T13:23:25,2000.0,13.75,B
2021-06-23T13:23:15,100.0,13.7,S
2021-06-23T13:23:09,5000.0,13.75,B
2021-06-23T13:23:07,10000.0,13.7,S
2021-06-23T13:23:05,1600.0,13.75,B
2021-06-23T13:23:04,10000.0,13.75,B
2021-06-23T13:23:00,5000.0,13.7,S
2021-06-23T13:22:43,3000.0,13.7,S
2021-06-23T13:22:38,1000.0,13.75,B
2021-06-23T13:22:38,200.0,13.7,S
2021-06-23T13:22:38,100.0,13.7,S
2021-06-23T13:22:38,5700.0,13.7,S
2021-06-23T13:22:37,9500.0,13.7,S
2021-06-23T13:22:37,5000.0,13.7,S
2021-06-23T13:22:36,500.0,13.7,S
2021-06-23T13:22:35,100.0,13.75,B
2021-06-23T13:22:26,10000.0,13.75,B
2021-06-23T13:22:26,900.0,13.75,B
2021-06-23T13:22:25,100.0,13.75,B
2021-06-23T13:22:24,100.0,13.75,B
2021-06-23T13:22:23,100.0,13.75,B
2021-06-23T13:22:17,2000.0,13.75,B
2021-06-23T13:22:15,500.0,13.7,S
2021-06-23T13:22:05,2000.0,13.75,B
2021-06-23T13:22:04,100.0,13.75,B
2021-06-23T13:22:03,500.0,13.75,B
2021-06-23T13:21:59,700.0,13.75,B
2021-06-23T13:21:57,7200.0,13.6,S
2021-06-23T13:21:57,10500.0,13.6,S
2021-06-23T13:21:57,1100.0,13.6,S
2021-06-23T13:21:57,2500.0,13.6,S
2021-06-23T13:21:57,1200.0,13.6,S
2021-06-23T13:21:57,2100.0,13.6,S
2021-06-23T13:21:57,15300.0,13.6,S
2021-06-23T13:21:57,1100.0,13.6,S
2021-06-23T13:21:57,9600.0,13.6,S
2021-06-23T13:21:56,10000.0,13.6,S
2021-06-23T13:21:56,13000.0,13.6,S
2021-06-23T13:21:56,400.0,13.6,S
2021-06-23T13:21:56,11900.0,13.6,S
2021-06-23T13:21:56,12700.0,13.6,S
2021-06-23T13:21:56,1100.0,13.6,S
2021-06-23T13:21:56,4000.0,13.6,S
2021-06-23T13:21:56,3800.0,13.6,S
2021-06-23T13:21:56,3800.0,13.6,S
2021-06-23T13:21:56,21000.0,13.6,S
2021-06-23T13:21:56,2100.0,13.6,S
2021-06-23T13:21:56,1600.0,13.6,S
2021-06-23T13:21:56,10200.0,13.6,S
2021-06-23T13:21:56,3600.0,13.6,S
2021-06-23T13:21:56,400.0,13.6,S
2021-06-23T13:21:56,2400.0,13.6,S
2021-06-23T13:21:56,2500.0,13.6,S
2021-06-23T13:21:56,12100.0,13.6,S
2021-06-23T13:21:56,200100.0,13.6,S
2021-06-23T13:21:56,6400.0,13.6,S
2021-06-23T13:21:56,3900.0,13.6,S
2021-06-23T13:21:54,2100.0,13.6,S
2021-06-23T13:21:54,200500.0,13.6,S
2021-06-23T13:21:54,15500.0,13.6,S
2021-06-23T13:21:54,1300.0,13.6,S
2021-06-23T13:21:54,1000.0,13.6,S
2021-06-23T13:21:54,1900.0,13.6,S
2021-06-23T13:21:54,1000.0,13.6,S
2021-06-23T13:21:54,20100.0,13.6,S
2021-06-23T13:21:54,11100.0,13.6,S
2021-06-23T13:21:54,6000.0,13.6,S
2021-06-23T13:21:54,2100.0,13.6,S
2021-06-23T13:21:54,10400.0,13.6,S
2021-06-23T13:21:54,4200.0,13.6,S
2021-06-23T13:21:54,1600.0,13.6,S
2021-06-23T13:21:54,25600.0,13.6,S
2021-06-23T13:21:54,2000.0,13.6,S
2021-06-23T13:21:54,600.0,13.6,S
2021-06-23T13:21:54,11100.0,13.6,S
2021-06-23T13:21:54,1200.0,13.6,S
2021-06-23T13:21:54,1000.0,13.6,S
2021-06-23T13:21:54,2500.0,13.6,S
2021-06-23T13:21:54,9200.0,13.6,S
2021-06-23T13:21:54,1100.0,13.6,S
2021-06-23T13:21:54,2000.0,13.6,S
2021-06-23T13:21:54,200.0,13.6,S
2021-06-23T13:21:54,900.0,13.6,S
2021-06-23T13:21:54,6500.0,13.6,S
2021-06-23T13:21:54,3500.0,13.6,S
2021-06-23T13:21:54,76200.0,13.6,S
2021-06-23T13:21:54,24100.0,13.6,S
2021-06-23T13:21:54,2800.0,13.6,S
2021-06-23T13:21:54,1200.0,13.6,S
2021-06-23T13:21:54,2000.0,13.6,S
2021-06-23T13:21:54,6000.0,13.6,S
2021-06-23T13:21:54,1500.0,13.6,S
2021-06-23T13:21:54,3200.0,13.6,S
2021-06-23T13:21:54,12600.0,13.6,S
2021-06-23T13:21:54,2000.0,13.6,S
2021-06-23T13:21:54,100200.0,13.6,S
2021-06-23T13:21:54,3300.0,13.6,S
2021-06-23T13:21:54,1300.0,13.6,S
2021-06-23T13:21:54,5000.0,13.6,S
2021-06-23T13:21:54,9000.0,13.6,S
2021-06-23T13:21:54,1300.0,13.6,S
2021-06-23T13:21:54,600.0,13.6,S
2021-06-23T13:21:53,15800.0,13.6,S
2021-06-23T13:21:53,100.0,13.6,S
2021-06-23T13:21:53,8700.0,13.6,S
2021-06-23T13:21:53,11400.0,13.6,S
2021-06-23T13:21:53,4000.0,13.6,S
2021-06-23T13:21:53,500.0,13.6,S
2021-06-23T13:21:53,32000.0,13.6,S
2021-06-23T13:21:53,11600.0,13.6,S
2021-06-23T13:21:53,5700.0,13.6,S
2021-06-23T13:21:53,1000.0,13.6,S
2021-06-23T13:21:53,5400.0,13.6,S
2021-06-23T13:21:53,1700.0,13.6,S
2021-06-23T13:21:53,8000.0,13.6,S
2021-06-23T13:21:53,200.0,13.6,S
2021-06-23T13:21:53,6600.0,13.6,S
2021-06-23T13:21:53,500.0,13.6,S
2021-06-23T13:21:53,5800.0,13.6,S
2021-06-23T13:21:53,2000.0,13.6,S
2021-06-23T13:21:52,5500.0,13.6,S
2021-06-23T13:21:52,1000.0,13.6,S
2021-06-23T13:21:52,1200.0,13.6,S
2021-06-23T13:21:52,1000.0,13.6,S
2021-06-23T13:21:52,3000.0,13.6,S
2021-06-23T13:21:52,6200.0,13.6,S
2021-06-23T13:21:52,500.0,13.6,S
2021-06-23T13:21:52,18500.0,13.6,S
2021-06-23T13:21:52,32200.0,13.6,S
2021-06-23T13:21:52,15100.0,13.6,S
2021-06-23T13:21:52,1000.0,13.6,S
2021-06-23T13:21:52,5000.0,13.6,S
2021-06-23T13:21:52,500.0,13.6,S
2021-06-23T13:21:52,8200.0,13.6,S
2021-06-23T13:21:52,15600.0,13.6,S
2021-06-23T13:21:52,2000.0,13.6,S
2021-06-23T13:21:52,8600.0,13.6,S
2021-06-23T13:21:52,1100.0,13.6,S
2021-06-23T13:21:52,3500.0,13.6,S
2021-06-23T13:21:51,5000.0,13.6,S
2021-06-23T13:21:51,2300.0,13.6,S
2021-06-23T13:21:51,6800.0,13.6,S
2021-06-23T13:21:51,500.0,13.6,S
2021-06-23T13:21:51,4000.0,13.6,S
2021-06-23T13:21:51,500.0,13.6,S
2021-06-23T13:21:51,2100.0,13.6,S
2021-06-23T13:21:51,900.0,13.6,S
2021-06-23T13:21:51,500.0,13.6,S
2021-06-23T13:21:51,600.0,13.6,S
2021-06-23T13:21:51,3100.0,13.6,S
2021-06-23T13:21:51,5100.0,13.6,S
2021-06-23T13:21:51,700.0,13.6,S
2021-06-23T13:21:51,300.0,13.6,S
2021-06-23T13:21:51,9000.0,13.6,S
2021-06-23T13:21:51,5700.0,13.6,S
2021-06-23T13:21:51,5700.0,13.6,S
2021-06-23T13:21:51,100.0,13.6,S
2021-06-23T13:21:49,800.0,13.6,S
2021-06-23T13:21:49,69500.0,13.6,S
2021-06-23T13:21:49,1600.0,13.6,S
2021-06-23T13:21:49,11100.0,13.6,S
2021-06-23T13:21:49,3000.0,13.6,S
2021-06-23T13:21:49,11100.0,13.6,S
2021-06-23T13:21:49,200.0,13.6,S
2021-06-23T13:21:49,20600.0,13.6,S
2021-06-23T13:21:49,100.0,13.6,S
2021-06-23T13:21:49,7100.0,13.6,S
2021-06-23T13:21:49,3000.0,13.6,S
2021-06-23T13:21:49,200.0,13.6,S
2021-06-23T13:21:49,15200.0,13.6,S
2021-06-23T13:21:49,3000.0,13.6,S
2021-06-23T13:21:49,45800.0,13.6,S
2021-06-23T13:21:49,11200.0,13.6,S
2021-06-23T13:21:49,2600.0,13.6,S
2021-06-23T13:21:49,114000.0,13.6,S
2021-06-23T13:21:49,25000.0,13.65,S
2021-06-23T13:21:49,2000.0,13.65,S
2021-06-23T13:21:49,1000.0,13.65,S
2021-06-23T13:21:49,18500.0,13.65,S
2021-06-23T13:21:49,3100.0,13.65,S
2021-06-23T13:21:49,58000.0,13.65,S
2021-06-23T13:21:49,10800.0,13.65,S
2021-06-23T13:21:49,1500.0,13.65,S
2021-06-23T13:21:49,29900.0,13.65,S
2021-06-23T13:21:49,40600.0,13.65,S
2021-06-23T13:21:49,3500.0,13.65,S
2021-06-23T13:21:49,700.0,13.7,S
2021-06-23T13:21:49,5600.0,13.7,S
2021-06-23T13:21:49,100.0,13.75,B
2021-06-23T13:21:45,500.0,13.75,B
2021-06-23T13:21:27,500.0,13.75,B
2021-06-23T13:21:24,3600.0,13.7,S
2021-06-23T13:21:24,600.0,13.7,S
2021-06-23T13:21:24,2600.0,13.7,S
2021-06-23T13:21:24,15200.0,13.7,S
2021-06-23T13:21:20,2000.0,13.75,B
2021-06-23T13:21:20,100.0,13.75,B
2021-06-23T13:21:19,200.0,13.75,B
2021-06-23T13:21:15,700.0,13.75,B
2021-06-23T13:21:13,12000.0,13.75,B
2021-06-23T13:21:11,100.0,13.7,S
2021-06-23T13:21:10,1000.0,13.75,B
2021-06-23T13:21:10,100.0,13.75,B
2021-06-23T13:21:09,500.0,13.75,B
2021-06-23T13:21:06,100.0,13.75,B
2021-06-23T13:21:05,1000.0,13.75,B
2021-06-23T13:20:54,500.0,13.75,B
2021-06-23T13:20:53,200.0,13.75,B
2021-06-23T13:20:45,1000.0,13.75,B
2021-06-23T13:20:45,1000.0,13.75,B
2021-06-23T13:20:38,1100.0,13.75,B
2021-06-23T13:20:34,100.0,13.75,B
2021-06-23T13:20:29,200.0,13.75,B
2021-06-23T13:20:19,1000.0,13.75,S
2021-06-23T13:20:15,100.0,13.75,S
2021-06-23T13:20:13,1000.0,13.7,S
2021-06-23T13:20:03,200.0,13.75,S
2021-06-23T13:19:59,600.0,13.75,S
2021-06-23T13:19:49,16600.0,13.6,S
2021-06-23T13:19:49,43800.0,13.6,S
2021-06-23T13:19:49,700.0,13.6,S
2021-06-23T13:19:49,19000.0,13.6,S
2021-06-23T13:19:49,900.0,13.6,S
2021-06-23T13:19:49,100000.0,13.6,S
2021-06-23T13:19:49,24400.0,13.6,S
2021-06-23T13:19:49,7300.0,13.6,S
2021-06-23T13:19:49,5000.0,13.6,S
2021-06-23T13:19:49,5100.0,13.6,S
2021-06-23T13:19:49,3300.0,13.6,S
2021-06-23T13:19:49,3300.0,13.6,S
2021-06-23T13:19:49,2500.0,13.65,S
2021-06-23T13:19:48,50000.0,13.65,S
2021-06-23T13:19:48,17200.0,13.65,S
2021-06-23T13:19:48,12800.0,13.65,S
2021-06-23T13:19:48,1100.0,13.65,S
2021-06-23T13:19:48,1300.0,13.65,S
2021-06-23T13:19:48,70800.0,13.65,S
2021-06-23T13:19:48,100.0,13.7,S
2021-06-23T13:19:48,3300.0,13.7,S
2021-06-23T13:19:48,800.0,13.7,S
2021-06-23T13:19:48,2100.0,13.7,S
2021-06-23T13:19:48,3100.0,13.7,S
2021-06-23T13:19:48,2500.0,13.7,S
2021-06-23T13:19:48,3000.0,13.7,S
2021-06-23T13:19:48,300.0,13.7,S
2021-06-23T13:19:48,7800.0,13.7,S
2021-06-23T13:19:48,11000.0,13.75,S
2021-06-23T13:19:48,900.0,13.75,S
2021-06-23T13:19:47,1000.0,13.8,B
2021-06-23T13:19:45,500.0,13.8,B
2021-06-23T13:19:19,100.0,13.8,B
2021-06-23T13:19:19,400.0,13.75,S
2021-06-23T13:19:18,2000.0,13.75,S
2021-06-23T13:19:16,100.0,13.75,S
2021-06-23T13:19:15,200.0,13.75,S
2021-06-23T13:19:02,200.0,13.75,S
2021-06-23T13:19:00,500.0,13.75,S
2021-06-23T13:18:59,100.0,13.75,S
2021-06-23T13:18:57,300.0,13.75,S
2021-06-23T13:18:49,200.0,13.8,B
2021-06-23T13:18:49,1000.0,13.8,B
2021-06-23T13:18:35,500.0,13.8,B
2021-06-23T13:18:34,5400.0,13.8,B
2021-06-23T13:18:32,100.0,13.8,B
2021-06-23T13:18:26,500.0,13.8,B
2021-06-23T13:18:24,500.0,13.8,B
2021-06-23T13:18:24,100.0,13.75,S
2021-06-23T13:18:15,4500.0,13.8,S
2021-06-23T13:18:11,300.0,13.8,S
2021-06-23T13:18:05,1000.0,13.8,S
2021-06-23T13:17:51,1100.0,13.85,B
2021-06-23T13:17:49,1700.0,13.8,S
2021-06-23T13:17:49,300.0,13.8,S
2021-06-23T13:17:47,1000.0,13.85,B
2021-06-23T13:17:44,3700.0,13.6,S
2021-06-23T13:17:44,1500.0,13.6,S
2021-06-23T13:17:44,1000.0,13.6,S
2021-06-23T13:17:44,4000.0,13.6,S
2021-06-23T13:17:44,4500.0,13.6,S
2021-06-23T13:17:44,3300.0,13.6,S
2021-06-23T13:17:44,6000.0,13.6,S
2021-06-23T13:17:44,600.0,13.6,S
2021-06-23T13:17:44,300.0,13.6,S
2021-06-23T13:17:44,3000.0,13.6,S
2021-06-23T13:17:44,8200.0,13.6,S
2021-06-23T13:17:44,10100.0,13.6,S
2021-06-23T13:17:43,7100.0,13.6,S
2021-06-23T13:17:43,1600.0,13.6,S
2021-06-23T13:17:43,7900.0,13.6,S
2021-06-23T13:17:43,6700.0,13.6,S
2021-06-23T13:17:43,7100.0,13.6,S
2021-06-23T13:17:43,2000.0,13.6,S
2021-06-23T13:17:43,1400.0,13.6,S
2021-06-23T13:17:43,2500.0,13.6,S
2021-06-23T13:17:43,2400.0,13.6,S
2021-06-23T13:17:43,1100.0,13.6,S
2021-06-23T13:17:43,1400.0,13.6,S
2021-06-23T13:17:43,2500.0,13.6,S
2021-06-23T13:17:43,28000.0,13.6,S
2021-06-23T13:17:43,100.0,13.6,S
2021-06-23T13:17:43,7000.0,13.6,S
2021-06-23T13:17:43,6700.0,13.6,S
2021-06-23T13:17:43,600.0,13.6,S
2021-06-23T13:17:41,5500.0,13.6,S
2021-06-23T13:17:41,1000.0,13.6,S
2021-06-23T13:17:41,500.0,13.6,S
2021-06-23T13:17:41,3500.0,13.6,S
2021-06-23T13:17:41,8100.0,13.6,S
2021-06-23T13:17:41,2100.0,13.6,S
2021-06-23T13:17:41,100.0,13.6,S
2021-06-23T13:17:41,300.0,13.6,S
2021-06-23T13:17:41,31200.0,13.6,S
2021-06-23T13:17:41,200.0,13.6,S
2021-06-23T13:17:41,10500.0,13.6,S
2021-06-23T13:17:41,3100.0,13.6,S
2021-06-23T13:17:41,800.0,13.6,S
2021-06-23T13:17:41,29700.0,13.6,S
2021-06-23T13:17:41,11500.0,13.6,S
2021-06-23T13:17:41,1100.0,13.6,S
2021-06-23T13:17:41,3500.0,13.6,S
2021-06-23T13:17:41,600.0,13.6,S
2021-06-23T13:17:41,2800.0,13.6,S
2021-06-23T13:17:41,15200.0,13.6,S
2021-06-23T13:17:41,1400.0,13.6,S
2021-06-23T13:17:41,1000.0,13.6,S
2021-06-23T13:17:40,3700.0,13.6,S
2021-06-23T13:17:40,11000.0,13.6,S
2021-06-23T13:17:40,200.0,13.6,S
2021-06-23T13:17:40,24400.0,13.6,S
2021-06-23T13:17:40,600.0,13.6,S
2021-06-23T13:17:40,100.0,13.6,S
2021-06-23T13:17:40,2100.0,13.6,S
2021-06-23T13:17:40,1800.0,13.6,S
2021-06-23T13:17:40,1100.0,13.6,S
2021-06-23T13:17:40,9500.0,13.6,S
2021-06-23T13:17:40,1000.0,13.6,S
2021-06-23T13:17:40,1100.0,13.6,S
2021-06-23T13:17:40,3200.0,13.6,S
2021-06-23T13:17:40,5000.0,13.6,S
2021-06-23T13:17:40,15100.0,13.6,S
2021-06-23T13:17:40,1000.0,13.6,S
2021-06-23T13:17:40,10500.0,13.6,S
2021-06-23T13:17:40,18900.0,13.6,S
2021-06-23T13:17:40,500.0,13.6,S
2021-06-23T13:17:40,11100.0,13.6,S
2021-06-23T13:17:40,18700.0,13.6,S
2021-06-23T13:17:39,200.0,13.6,S
2021-06-23T13:17:39,11400.0,13.6,S
2021-06-23T13:17:39,5500.0,13.6,S
2021-06-23T13:17:39,22700.0,13.6,S
2021-06-23T13:17:38,11400.0,13.6,S
2021-06-23T13:17:38,25100.0,13.6,S
2021-06-23T13:17:38,17100.0,13.7,S
2021-06-23T13:17:34,500.0,13.85,B
2021-06-23T13:17:34,100.0,13.85,B
2021-06-23T13:17:22,200.0,13.8,S
2021-06-23T13:17:14,1000.0,13.85,B
2021-06-23T13:17:13,3000.0,13.85,B
2021-06-23T13:17:13,7200.0,13.85,B
2021-06-23T13:17:03,2600.0,13.85,B
2021-06-23T13:17:03,2400.0,13.85,B
2021-06-23T13:16:58,10000.0,13.85,B
2021-06-23T13:16:56,37200.0,13.6,S
2021-06-23T13:16:56,2400.0,13.6,S
2021-06-23T13:16:56,3000.0,13.6,S
2021-06-23T13:16:56,15300.0,13.6,S
2021-06-23T13:16:56,700.0,13.6,S
2021-06-23T13:16:56,700.0,13.6,S
2021-06-23T13:16:56,100.0,13.6,S
2021-06-23T13:16:56,9800.0,13.6,S
2021-06-23T13:16:56,100.0,13.6,S
2021-06-23T13:16:56,3700.0,13.6,S
2021-06-23T13:16:56,3000.0,13.6,S
2021-06-23T13:16:56,8000.0,13.6,S
2021-06-23T13:16:56,2000.0,13.6,S
2021-06-23T13:16:56,800.0,13.6,S
2021-06-23T13:16:56,3700.0,13.6,S
2021-06-23T13:16:56,6000.0,13.6,S
2021-06-23T13:16:56,3100.0,13.6,S
2021-06-23T13:16:56,5600.0,13.6,S
2021-06-23T13:16:55,3500.0,13.6,S
2021-06-23T13:16:55,300.0,13.6,S
2021-06-23T13:16:55,12300.0,13.6,S
2021-06-23T13:16:55,1000.0,13.6,S
2021-06-23T13:16:55,1700.0,13.6,S
2021-06-23T13:16:55,200.0,13.6,S
2021-06-23T13:16:55,2500.0,13.6,S
2021-06-23T13:16:55,3000.0,13.6,S
2021-06-23T13:16:54,3000.0,13.6,S
2021-06-23T13:16:54,1000.0,13.6,S
2021-06-23T13:16:54,30100.0,13.6,S
2021-06-23T13:16:54,5200.0,13.6,S
2021-06-23T13:16:54,100.0,13.6,S
2021-06-23T13:16:54,1300.0,13.6,S
2021-06-23T13:16:54,500.0,13.6,S
2021-06-23T13:16:54,100.0,13.6,S
2021-06-23T13:16:54,6400.0,13.6,S
2021-06-23T13:16:54,100.0,13.6,S
2021-06-23T13:16:54,20100.0,13.6,S
2021-06-23T13:16:54,200.0,13.6,S
2021-06-23T13:16:54,6600.0,13.6,S
2021-06-23T13:16:54,400.0,13.6,S
2021-06-23T13:16:54,10100.0,13.6,S
2021-06-23T13:16:54,2500.0,13.6,S
2021-06-23T13:16:54,1000.0,13.6,S
2021-06-23T13:16:54,2000.0,13.6,S
2021-06-23T13:16:54,1200.0,13.6,S
2021-06-23T13:16:54,27500.0,13.6,S
2021-06-23T13:16:54,1100.0,13.6,S
2021-06-23T13:16:54,1100.0,13.6,S
2021-06-23T13:16:54,6700.0,13.6,S
2021-06-23T13:16:54,5900.0,13.65,S
2021-06-23T13:16:53,10200.0,13.65,S
2021-06-23T13:16:53,1200.0,13.65,S
2021-06-23T13:16:53,3000.0,13.65,S
2021-06-23T13:16:53,700.0,13.65,S
2021-06-23T13:16:53,1100.0,13.65,S
2021-06-23T13:16:53,2700.0,13.65,S
2021-06-23T13:16:53,7300.0,13.65,S
2021-06-23T13:16:53,1100.0,13.65,S
2021-06-23T13:16:53,11700.0,13.65,S
2021-06-23T13:16:53,11100.0,13.65,S
2021-06-23T13:16:53,2700.0,13.65,S
2021-06-23T13:16:53,60600.0,13.7,S
2021-06-23T13:16:53,3000.0,13.7,S
2021-06-23T13:16:53,7200.0,13.7,S
2021-06-23T13:16:53,27500.0,13.7,S
2021-06-23T13:16:53,52000.0,13.7,S
2021-06-23T13:16:53,8600.0,13.75,S
2021-06-23T13:16:53,100.0,13.8,S
2021-06-23T13:16:53,1100.0,13.8,S
2021-06-23T13:16:53,500.0,13.8,S
2021-06-23T13:16:52,22700.0,13.8,S
2021-06-23T13:16:35,100.0,13.85,B
2021-06-23T13:16:24,1000.0,13.85,B
2021-06-23T13:16:23,100.0,13.85,B
2021-06-23T13:16:13,100.0,13.85,B
2021-06-23T13:16:05,100.0,13.85,B
2021-06-23T13:16:00,3100.0,13.85,B
2021-06-23T13:15:59,800.0,13.85,B
2021-06-23T13:15:49,1000.0,13.85,B
2021-06-23T13:15:36,1000.0,13.85,B
2021-06-23T13:15:30,100.0,13.85,B
2021-06-23T13:15:11,2000.0,13.85,S
2021-06-23T13:15:08,1200.0,13.85,S
2021-06-23T13:14:39,2700.0,13.6,S
2021-06-23T13:14:39,1400.0,13.6,S
2021-06-23T13:14:39,9000.0,13.6,S
2021-06-23T13:14:39,1000.0,13.6,S
2021-06-23T13:14:39,1000.0,13.6,S
2021-06-23T13:14:39,4700.0,13.6,S
2021-06-23T13:14:39,19500.0,13.6,S
2021-06-23T13:14:39,3400.0,13.6,S
2021-06-23T13:14:39,7300.0,13.6,S
2021-06-23T13:14:39,2800.0,13.6,S
2021-06-23T13:14:39,4100.0,13.6,S
2021-06-23T13:14:39,10500.0,13.6,S
2021-06-23T13:14:39,1000.0,13.6,S
2021-06-23T13:14:39,8100.0,13.6,S
2021-06-23T13:14:39,1500.0,13.6,S
2021-06-23T13:14:39,8100.0,13.6,S
2021-06-23T13:14:39,1000.0,13.6,S
2021-06-23T13:14:37,7100.0,13.6,S
2021-06-23T13:14:37,2500.0,13.6,S
2021-06-23T13:14:37,3000.0,13.6,S
2021-06-23T13:14:37,4300.0,13.6,S
2021-06-23T13:14:37,20100.0,13.6,S
2021-06-23T13:14:37,1700.0,13.6,S
2021-06-23T13:14:37,200.0,13.6,S
2021-06-23T13:14:37,1800.0,13.6,S
2021-06-23T13:14:37,5000.0,13.6,S
2021-06-23T13:14:37,4500.0,13.6,S
2021-06-23T13:14:37,500.0,13.6,S
2021-06-23T13:14:37,700.0,13.6,S
2021-06-23T13:14:37,300.0,13.6,S
2021-06-23T13:14:37,6400.0,13.6,S
2021-06-23T13:14:37,1000.0,13.6,S
2021-06-23T13:14:37,7300.0,13.6,S
2021-06-23T13:14:37,3700.0,13.6,S
2021-06-23T13:14:37,1500.0,13.6,S
2021-06-23T13:14:37,2200.0,13.6,S
2021-06-23T13:14:37,5000.0,13.6,S
2021-06-23T13:14:37,15800.0,13.6,S
2021-06-23T13:14:37,1300.0,13.6,S
2021-06-23T13:14:37,7900.0,13.6,S
2021-06-23T13:14:37,600.0,13.6,S
2021-06-23T13:14:37,6300.0,13.6,S
2021-06-23T13:14:37,5100.0,13.6,S
2021-06-23T13:14:37,300.0,13.6,S
2021-06-23T13:14:37,10700.0,13.6,S
2021-06-23T13:14:37,300.0,13.6,S
2021-06-23T13:14:37,5100.0,13.6,S
2021-06-23T13:14:37,100.0,13.6,S
2021-06-23T13:14:37,34400.0,13.6,S
2021-06-23T13:14:37,200.0,13.6,S
2021-06-23T13:14:37,900.0,13.6,S
2021-06-23T13:14:37,1000.0,13.6,S
2021-06-23T13:14:37,2500.0,13.6,S
2021-06-23T13:14:37,3100.0,13.6,S
2021-06-23T13:14:37,7700.0,13.6,S
2021-06-23T13:14:37,3000.0,13.6,S
2021-06-23T13:14:37,600.0,13.6,S
2021-06-23T13:14:37,1000.0,13.6,S
2021-06-23T13:14:37,1500.0,13.6,S
2021-06-23T13:14:37,2500.0,13.6,S
2021-06-23T13:14:37,1500.0,13.6,S
2021-06-23T13:14:37,159500.0,13.6,S
2021-06-23T13:14:37,1300.0,13.65,S
2021-06-23T13:14:37,2700.0,13.65,S
2021-06-23T13:14:37,1000.0,13.65,S
2021-06-23T13:14:37,1600.0,13.65,S
2021-06-23T13:14:37,3000.0,13.65,S
2021-06-23T13:14:37,2000.0,13.65,S
2021-06-23T13:14:37,16500.0,13.65,S
2021-06-23T13:14:37,4000.0,13.65,S
2021-06-23T13:14:37,16800.0,13.65,S
2021-06-23T13:14:37,400.0,13.65,S
2021-06-23T13:14:37,15000.0,13.65,S
2021-06-23T13:14:37,4000.0,13.65,S
2021-06-23T13:14:37,22000.0,13.65,S
2021-06-23T13:14:37,2000.0,13.65,S
2021-06-23T13:14:36,2200.0,13.65,S
2021-06-23T13:14:36,31000.0,13.65,S
2021-06-23T13:14:36,10600.0,13.65,S
2021-06-23T13:14:36,500.0,13.65,S
2021-06-23T13:14:36,24300.0,13.65,S
2021-06-23T13:14:36,5000.0,13.65,S
2021-06-23T13:14:36,200.0,13.65,S
2021-06-23T13:14:36,10300.0,13.65,S
2021-06-23T13:14:36,2700.0,13.65,S
2021-06-23T13:14:36,5500.0,13.65,S
2021-06-23T13:14:36,3600.0,13.65,S
2021-06-23T13:14:36,3000.0,13.7,S
2021-06-23T13:14:36,4900.0,13.7,S
2021-06-23T13:14:36,7300.0,13.7,S
2021-06-23T13:14:36,3500.0,13.7,S
2021-06-23T13:14:35,1000.0,13.7,S
2021-06-23T13:14:35,1000.0,13.7,S
2021-06-23T13:14:35,4600.0,13.7,S
2021-06-23T13:14:35,2100.0,13.7,S
2021-06-23T13:14:35,10300.0,13.7,S
2021-06-23T13:14:35,100.0,13.7,S
2021-06-23T13:14:35,1300.0,13.7,S
2021-06-23T13:14:35,5000.0,13.7,S
2021-06-23T13:14:35,8900.0,13.7,S
2021-06-23T13:14:35,500.0,13.7,S
2021-06-23T13:14:35,1000.0,13.7,S
2021-06-23T13:14:35,3100.0,13.7,S
2021-06-23T13:14:35,80000.0,13.7,S
2021-06-23T13:14:35,800.0,13.7,S
2021-06-23T13:14:35,500.0,13.7,S
2021-06-23T13:14:35,12000.0,13.7,S
2021-06-23T13:14:35,6800.0,13.7,S
2021-06-23T13:14:35,2200.0,13.7,S
2021-06-23T13:14:35,4000.0,13.7,S
2021-06-23T13:14:35,1400.0,13.7,S
2021-06-23T13:14:34,1000.0,13.7,S
2021-06-23T13:14:34,1400.0,13.7,S
2021-06-23T13:14:34,52600.0,13.7,S
2021-06-23T13:14:34,1500.0,13.7,S
2021-06-23T13:14:34,1200.0,13.7,S
2021-06-23T13:14:34,500.0,13.7,S
2021-06-23T13:14:34,1000.0,13.7,S
2021-06-23T13:14:34,500.0,13.75,S
2021-06-23T13:14:34,4600.0,13.75,S
2021-06-23T13:14:34,10100.0,13.75,S
2021-06-23T13:14:34,30000.0,13.75,S
2021-06-23T13:14:34,300.0,13.75,S
2021-06-23T13:14:34,8000.0,13.75,S
2021-06-23T13:14:34,100.0,13.75,S
2021-06-23T13:14:34,100.0,13.75,S
2021-06-23T13:14:34,3600.0,13.75,S
2021-06-23T13:14:34,1400.0,13.75,S
2021-06-23T13:14:34,5100.0,13.75,S
2021-06-23T13:14:34,600.0,13.75,S
2021-06-23T13:14:34,500.0,13.75,S
2021-06-23T13:14:34,2100.0,13.8,S
2021-06-23T13:14:34,100.0,13.8,S
2021-06-23T13:14:34,4000.0,13.8,S
2021-06-23T13:14:34,5300.0,13.8,S
2021-06-23T13:14:34,500.0,13.8,S
2021-06-23T13:14:34,700.0,13.8,S
2021-06-23T13:14:34,3000.0,13.8,S
2021-06-23T13:14:34,800.0,13.8,S
2021-06-23T13:14:34,900.0,13.8,S
2021-06-23T13:14:34,3000.0,13.8,S
2021-06-23T13:14:34,2600.0,13.8,S
2021-06-23T13:14:34,1600.0,13.8,S
2021-06-23T13:14:34,3600.0,13.8,S
2021-06-23T13:14:34,25000.0,13.8,S
2021-06-23T13:14:34,1000.0,13.8,S
2021-06-23T13:14:34,4400.0,13.8,S
2021-06-23T13:14:34,1500.0,13.8,S
2021-06-23T13:14:34,300.0,13.8,S
2021-06-23T13:14:34,800.0,13.8,S
2021-06-23T13:14:34,1600.0,13.8,S
2021-06-23T13:14:33,2400.0,13.8,S
2021-06-23T13:14:33,2600.0,13.8,S
2021-06-23T13:14:33,700.0,13.8,S
2021-06-23T13:14:33,2500.0,13.85,S
2021-06-23T13:14:33,1800.0,13.85,S
2021-06-23T13:14:33,10800.0,13.85,S
2021-06-23T13:13:48,100.0,13.85,S
2021-06-23T13:13:46,300.0,13.9,B
2021-06-23T13:13:34,100.0,13.9,B
2021-06-23T13:13:34,100.0,13.9,B
2021-06-23T13:13:23,100.0,13.9,B
2021-06-23T13:13:19,1000.0,13.9,B
2021-06-23T13:13:07,1000.0,13.9,B
2021-06-23T13:12:52,500.0,13.9,B
2021-06-23T13:12:42,400.0,13.9,B
2021-06-23T13:12:36,100.0,13.9,B
2021-06-23T13:12:29,1000.0,13.9,B
2021-06-23T13:12:25,100.0,13.85,S
2021-06-23T13:12:22,100.0,13.9,B
2021-06-23T13:12:21,100.0,13.9,B
2021-06-23T13:12:17,300.0,13.9,B
2021-06-23T13:12:17,400.0,13.9,B
2021-06-23T13:12:12,4600.0,13.9,B
2021-06-23T13:12:07,800.0,13.85,S
2021-06-23T13:12:07,400.0,13.85,S
2021-06-23T13:12:07,5000.0,13.85,S
2021-06-23T13:12:07,3100.0,13.85,S
2021-06-23T13:12:02,10000.0,13.9,B
2021-06-23T13:11:56,500.0,13.9,B
2021-06-23T13:11:49,100.0,13.9,B
2021-06-23T13:11:42,300.0,13.9,B
2021-06-23T13:11:35,100.0,13.9,B
2021-06-23T13:11:19,2000.0,13.9,B
2021-06-23T13:11:14,5000.0,13.9,B
2021-06-23T13:11:06,200.0,13.9,B
2021-06-23T13:11:02,3000.0,13.9,B
2021-06-23T13:11:01,200.0,13.9,B
2021-06-23T13:11:01,800.0,13.85,B
2021-06-23T13:10:59,200.0,13.85,B
2021-06-23T13:10:55,500.0,13.85,B
2021-06-23T13:10:54,100.0,13.85,B
2021-06-23T13:10:54,1000.0,13.85,B
2021-06-23T13:10:49,4500.0,13.85,S
2021-06-23T13:10:49,6600.0,13.85,S
2021-06-23T13:10:49,500.0,13.85,S
2021-06-23T13:10:49,4200.0,13.85,S
2021-06-23T13:10:31,300.0,13.9,B
2021-06-23T13:10:28,700.0,13.9,B
2021-06-23T13:10:20,1000.0,13.9,B
2021-06-23T13:09:53,1000.0,13.9,B
2021-06-23T13:09:35,100.0,13.85,B
2021-06-23T13:09:28,1000.0,13.85,B
2021-06-23T13:09:25,1000.0,13.85,B
2021-06-23T13:09:10,1800.0,13.85,B
2021-06-23T13:08:57,1000.0,13.8,S
2021-06-23T13:08:46,100.0,13.85,B
2021-06-23T13:08:46,500.0,13.85,S
2021-06-23T13:08:35,3000.0,13.9,B
2021-06-23T13:08:24,26500.0,13.6,S
2021-06-23T13:08:24,4100.0,13.6,S
2021-06-23T13:08:24,13000.0,13.6,S
2021-06-23T13:08:24,13000.0,13.6,S
2021-06-23T13:08:24,800.0,13.6,S
2021-06-23T13:08:24,3600.0,13.6,S
2021-06-23T13:08:24,100300.0,13.6,S
2021-06-23T13:08:24,20000.0,13.6,S
2021-06-23T13:08:24,1100.0,13.6,S
2021-06-23T13:08:24,7900.0,13.6,S
2021-06-23T13:08:24,6400.0,13.6,S
2021-06-23T13:08:24,2000.0,13.6,S
2021-06-23T13:08:24,5000.0,13.6,S
2021-06-23T13:08:24,33300.0,13.6,S
2021-06-23T13:08:24,6100.0,13.6,S
2021-06-23T13:08:24,5500.0,13.6,S
2021-06-23T13:08:23,3500.0,13.6,S
2021-06-23T13:08:23,3300.0,13.6,S
2021-06-23T13:08:23,7600.0,13.6,S
2021-06-23T13:08:23,38700.0,13.6,S
2021-06-23T13:08:23,10000.0,13.6,S
2021-06-23T13:08:23,6600.0,13.6,S
2021-06-23T13:08:23,12100.0,13.6,S
2021-06-23T13:08:23,1100.0,13.6,S
2021-06-23T13:08:23,100.0,13.6,S
2021-06-23T13:08:23,2300.0,13.6,S
2021-06-23T13:08:23,200.0,13.6,S
2021-06-23T13:08:23,1900.0,13.6,S
2021-06-23T13:08:23,5700.0,13.6,S
2021-06-23T13:08:23,300.0,13.6,S
2021-06-23T13:08:23,800.0,13.6,S
2021-06-23T13:08:23,11500.0,13.6,S
2021-06-23T13:08:23,2400.0,13.6,S
2021-06-23T13:08:23,100.0,13.6,S
2021-06-23T13:08:23,500.0,13.6,S
2021-06-23T13:08:23,10500.0,13.6,S
2021-06-23T13:08:23,1000.0,13.6,S
2021-06-23T13:08:23,300.0,13.6,S
2021-06-23T13:08:23,5100.0,13.6,S
2021-06-23T13:08:23,5500.0,13.6,S
2021-06-23T13:08:23,52500.0,13.6,S
2021-06-23T13:08:23,16000.0,13.6,S
2021-06-23T13:08:23,4300.0,13.6,S
2021-06-23T13:08:23,3600.0,13.6,S
2021-06-23T13:08:22,1200.0,13.6,S
2021-06-23T13:08:22,6100.0,13.6,S
2021-06-23T13:08:22,17800.0,13.6,S
2021-06-23T13:08:22,18800.0,13.6,S
2021-06-23T13:08:22,14000.0,13.6,S
2021-06-23T13:08:22,1000.0,13.6,S
2021-06-23T13:08:22,1200.0,13.6,S
2021-06-23T13:08:22,5800.0,13.6,S
2021-06-23T13:08:22,500.0,13.6,S
2021-06-23T13:08:22,1000.0,13.6,S
2021-06-23T13:08:22,1200.0,13.6,S
2021-06-23T13:08:22,13200.0,13.6,S
2021-06-23T13:08:22,11400.0,13.6,S
2021-06-23T13:08:22,5000.0,13.6,S
2021-06-23T13:08:22,6000.0,13.6,S
2021-06-23T13:08:22,11100.0,13.6,S
2021-06-23T13:08:22,1100.0,13.6,S
2021-06-23T13:08:22,30200.0,13.6,S
2021-06-23T13:08:22,20000.0,13.6,S
2021-06-23T13:08:22,10100.0,13.6,S
2021-06-23T13:08:22,1000.0,13.6,S
2021-06-23T13:08:22,11000.0,13.6,S
2021-06-23T13:08:22,10100.0,13.6,S
2021-06-23T13:08:22,15600.0,13.6,S
2021-06-23T13:08:22,200.0,13.6,S
2021-06-23T13:08:21,5500.0,13.6,S
2021-06-23T13:08:21,1100.0,13.6,S
2021-06-23T13:08:21,16000.0,13.6,S
2021-06-23T13:08:21,1800.0,13.6,S
2021-06-23T13:08:21,5000.0,13.6,S
2021-06-23T13:08:21,102800.0,13.6,S
2021-06-23T13:08:21,1000.0,13.6,S
2021-06-23T13:08:21,1700.0,13.6,S
2021-06-23T13:08:21,10200.0,13.6,S
2021-06-23T13:08:21,23800.0,13.6,S
2021-06-23T13:08:21,9000.0,13.6,S
2021-06-23T13:08:21,1700.0,13.6,S
2021-06-23T13:08:21,300.0,13.6,S
2021-06-23T13:08:19,3000.0,13.6,S
2021-06-23T13:08:19,5000.0,13.6,S
2021-06-23T13:08:19,26100.0,13.6,S
2021-06-23T13:08:19,1000.0,13.6,S
2021-06-23T13:08:19,500.0,13.6,S
2021-06-23T13:08:19,2100.0,13.6,S
2021-06-23T13:08:19,10500.0,13.6,S
2021-06-23T13:08:19,1600.0,13.6,S
2021-06-23T13:08:19,5500.0,13.6,S
2021-06-23T13:08:19,1400.0,13.6,S
2021-06-23T13:08:19,26900.0,13.6,S
2021-06-23T13:08:19,15000.0,13.6,S
2021-06-23T13:08:19,25600.0,13.6,S
2021-06-23T13:08:19,25200.0,13.6,S
2021-06-23T13:08:19,26800.0,13.6,S
2021-06-23T13:08:19,2300.0,13.6,S
2021-06-23T13:08:19,15500.0,13.6,S
2021-06-23T13:08:19,4000.0,13.6,S
2021-06-23T13:08:19,1000.0,13.6,S
2021-06-23T13:08:19,1100.0,13.6,S
2021-06-23T13:08:19,300.0,13.6,S
2021-06-23T13:08:19,500.0,13.6,S
2021-06-23T13:08:19,100.0,13.6,S
2021-06-23T13:08:19,29200.0,13.6,S
2021-06-23T13:08:19,6800.0,13.6,S
2021-06-23T13:08:19,13200.0,13.6,S
2021-06-23T13:08:19,300.0,13.6,S
2021-06-23T13:08:19,4000.0,13.6,S
2021-06-23T13:08:19,3700.0,13.6,S
2021-06-23T13:08:19,6000.0,13.6,S
2021-06-23T13:08:19,2100.0,13.6,S
2021-06-23T13:08:19,10000.0,13.6,S
2021-06-23T13:08:19,1000.0,13.6,S
2021-06-23T13:08:19,5000.0,13.6,S
2021-06-23T13:08:19,1100.0,13.6,S
2021-06-23T13:08:19,20600.0,13.6,S
2021-06-23T13:08:19,5500.0,13.6,S
2021-06-23T13:08:19,8700.0,13.6,S
2021-06-23T13:08:19,200.0,13.6,S
2021-06-23T13:08:19,18100.0,13.6,S
2021-06-23T13:08:19,1000.0,13.6,S
2021-06-23T13:08:19,13600.0,13.6,S
2021-06-23T13:08:19,12000.0,13.6,S
2021-06-23T13:08:19,2000.0,13.6,S
2021-06-23T13:08:19,2800.0,13.6,S
2021-06-23T13:08:19,2200.0,13.6,S
2021-06-23T13:08:19,2500.0,13.65,S
2021-06-23T13:08:19,500.0,13.65,S
2021-06-23T13:08:19,3000.0,13.65,S
2021-06-23T13:08:19,23600.0,13.65,S
2021-06-23T13:08:19,10000.0,13.65,S
2021-06-23T13:08:19,2200.0,13.65,S
2021-06-23T13:08:19,15000.0,13.65,S
2021-06-23T13:08:17,67800.0,13.65,S
2021-06-23T13:08:17,1200.0,13.65,S
2021-06-23T13:08:17,400.0,13.65,S
2021-06-23T13:08:17,300.0,13.65,S
2021-06-23T13:08:17,3000.0,13.65,S
2021-06-23T13:08:17,1100.0,13.65,S
2021-06-23T13:08:17,52000.0,13.65,S
2021-06-23T13:08:17,12300.0,13.65,S
2021-06-23T13:08:17,600.0,13.65,S
2021-06-23T13:08:17,12000.0,13.65,S
2021-06-23T13:08:17,2000.0,13.65,S
2021-06-23T13:08:17,7200.0,13.65,S
2021-06-23T13:08:17,3100.0,13.65,S
2021-06-23T13:08:17,24400.0,13.65,S
2021-06-23T13:08:17,2000.0,13.65,S
2021-06-23T13:08:17,3000.0,13.65,S
2021-06-23T13:08:17,1900.0,13.65,S
2021-06-23T13:08:17,600.0,13.65,S
2021-06-23T13:08:17,6000.0,13.65,S
2021-06-23T13:08:17,21600.0,13.65,S
2021-06-23T13:08:17,3100.0,13.65,S
2021-06-23T13:08:17,12000.0,13.65,S
2021-06-23T13:08:17,1600.0,13.65,S
2021-06-23T13:08:17,4200.0,13.65,S
2021-06-23T13:08:17,15000.0,13.65,S
2021-06-23T13:08:17,1600.0,13.65,S
2021-06-23T13:08:17,1500.0,13.65,S
2021-06-23T13:08:17,6100.0,13.65,S
2021-06-23T13:08:17,235800.0,13.65,S
2021-06-23T13:08:17,1000.0,13.65,S
2021-06-23T13:08:17,1200.0,13.65,S
2021-06-23T13:08:17,200.0,13.65,S
2021-06-23T13:08:17,1700.0,13.65,S
2021-06-23T13:08:17,500.0,13.65,S
2021-06-23T13:08:17,2600.0,13.65,S
2021-06-23T13:08:17,1400.0,13.65,S
2021-06-23T13:08:17,400.0,13.65,S
2021-06-23T13:08:17,300.0,13.65,S
2021-06-23T13:08:17,6300.0,13.65,S
2021-06-23T13:08:17,9000.0,13.65,S
2021-06-23T13:08:17,11300.0,13.65,S
2021-06-23T13:08:17,3500.0,13.7,S
2021-06-23T13:08:17,3000.0,13.7,S
2021-06-23T13:08:17,2200.0,13.7,S
2021-06-23T13:08:17,2100.0,13.7,S
2021-06-23T13:08:16,1000.0,13.7,S
2021-06-23T13:08:16,23700.0,13.7,S
2021-06-23T13:08:16,1300.0,13.7,S
2021-06-23T13:08:16,3500.0,13.7,S
2021-06-23T13:08:16,3000.0,13.7,S
2021-06-23T13:08:16,200.0,13.7,S
2021-06-23T13:08:16,53300.0,13.7,S
2021-06-23T13:08:16,3000.0,13.7,S
2021-06-23T13:08:16,700.0,13.7,S
2021-06-23T13:08:16,800.0,13.7,S
2021-06-23T13:08:16,7700.0,13.7,S
2021-06-23T13:08:16,26700.0,13.7,S
2021-06-23T13:08:16,6600.0,13.7,S
2021-06-23T13:08:16,2000.0,13.7,S
2021-06-23T13:08:16,3100.0,13.7,S
2021-06-23T13:08:16,200.0,13.7,S
2021-06-23T13:08:16,6600.0,13.7,S
2021-06-23T13:08:16,2000.0,13.7,S
2021-06-23T13:08:16,5600.0,13.7,S
2021-06-23T13:08:16,500.0,13.7,S
2021-06-23T13:08:16,100.0,13.7,S
2021-06-23T13:08:16,5300.0,13.7,S
2021-06-23T13:08:16,2400.0,13.7,S
2021-06-23T13:08:16,13100.0,13.7,S
2021-06-23T13:08:00,2000.0,13.95,B
2021-06-23T13:07:54,1000.0,13.9,S
2021-06-23T13:07:45,17900.0,13.7,S
2021-06-23T13:07:45,8900.0,13.7,S
2021-06-23T13:07:45,21400.0,13.7,S
2021-06-23T13:07:45,15500.0,13.7,S
2021-06-23T13:07:45,1000.0,13.7,S
2021-06-23T13:07:45,27500.0,13.7,S
2021-06-23T13:07:45,700.0,13.7,S
2021-06-23T13:07:45,50100.0,13.7,S
2021-06-23T13:07:45,500.0,13.7,S
2021-06-23T13:07:45,5300.0,13.7,S
2021-06-23T13:07:45,1600.0,13.7,S
2021-06-23T13:07:45,49600.0,13.7,S
2021-06-23T13:07:45,60300.0,13.7,S
2021-06-23T13:07:45,500.0,13.7,S
2021-06-23T13:07:45,45800.0,13.7,S
2021-06-23T13:07:45,10000.0,13.7,S
2021-06-23T13:07:45,14000.0,13.75,S
2021-06-23T13:07:45,800.0,13.75,S
2021-06-23T13:07:45,2300.0,13.75,S
2021-06-23T13:07:45,1400.0,13.75,S
2021-06-23T13:07:45,1100.0,13.75,S
2021-06-23T13:07:45,2300.0,13.75,S
2021-06-23T13:07:45,200.0,13.75,S
2021-06-23T13:07:45,200.0,13.75,S
2021-06-23T13:07:45,64400.0,13.75,S
2021-06-23T13:07:45,1000.0,13.8,S
2021-06-23T13:07:45,4600.0,13.8,S
2021-06-23T13:07:45,1200.0,13.8,S
2021-06-23T13:07:45,5500.0,13.8,S
2021-06-23T13:07:45,900.0,13.8,S
2021-06-23T13:07:45,100.0,13.8,S
2021-06-23T13:07:45,1400.0,13.8,S
2021-06-23T13:07:45,500.0,13.8,S
2021-06-23T13:07:45,3800.0,13.8,S
2021-06-23T13:07:45,400.0,13.8,S
2021-06-23T13:07:45,300.0,13.8,S
2021-06-23T13:07:45,700.0,13.8,S
2021-06-23T13:07:45,1600.0,13.8,S
2021-06-23T13:07:45,2300.0,13.8,S
2021-06-23T13:07:45,300.0,13.8,S
2021-06-23T13:07:45,200.0,13.8,S
2021-06-23T13:07:45,1800.0,13.8,S
2021-06-23T13:07:45,200.0,13.8,S
2021-06-23T13:07:45,13000.0,13.8,S
2021-06-23T13:07:45,11100.0,13.8,S
2021-06-23T13:07:45,700.0,13.8,S
2021-06-23T13:07:45,5500.0,13.8,S
2021-06-23T13:07:45,1000.0,13.8,S
2021-06-23T13:07:45,1500.0,13.8,S
2021-06-23T13:07:45,5600.0,13.8,S
2021-06-23T13:07:45,1000.0,13.8,S
2021-06-23T13:07:45,600.0,13.8,S
2021-06-23T13:07:45,1000.0,13.8,S
2021-06-23T13:07:45,20000.0,13.8,S
2021-06-23T13:07:45,1200.0,13.8,S
2021-06-23T13:07:45,1200.0,13.8,S
2021-06-23T13:07:45,100.0,13.8,S
2021-06-23T13:07:45,7400.0,13.8,S
2021-06-23T13:07:45,200.0,13.8,S
2021-06-23T13:07:45,17000.0,13.8,S
2021-06-23T13:07:45,900.0,13.8,S
2021-06-23T13:07:45,4500.0,13.8,S
2021-06-23T13:07:45,11900.0,13.8,S
2021-06-23T13:07:45,400.0,13.85,S
2021-06-23T13:07:45,6000.0,13.85,S
2021-06-23T13:07:45,700.0,13.85,S
2021-06-23T13:07:45,500.0,13.85,S
2021-06-23T13:07:45,3300.0,13.85,S
2021-06-23T13:07:45,20000.0,13.85,S
2021-06-23T13:07:45,200.0,13.85,S
2021-06-23T13:07:45,1500.0,13.85,S
2021-06-23T13:07:45,4300.0,13.85,S
2021-06-23T13:07:45,200.0,13.85,S
2021-06-23T13:07:45,4500.0,13.85,S
2021-06-23T13:07:45,3100.0,13.85,S
2021-06-23T13:07:45,300.0,13.85,S
2021-06-23T13:07:45,1000.0,13.85,S
2021-06-23T13:07:45,10100.0,13.85,S
2021-06-23T13:07:45,900.0,13.85,S
2021-06-23T13:07:45,20000.0,13.85,S
2021-06-23T13:07:45,9300.0,13.85,S
2021-06-23T13:07:45,8200.0,13.85,S
2021-06-23T13:07:45,4500.0,13.9,S
2021-06-23T13:07:45,5000.0,13.9,S
2021-06-23T13:07:45,1500.0,13.9,S
2021-06-23T13:07:45,400.0,13.9,S
2021-06-23T13:07:45,2100.0,13.9,S
2021-06-23T13:07:45,1000.0,13.9,S
2021-06-23T13:07:44,19300.0,13.9,S
2021-06-23T13:07:44,100.0,13.9,S
2021-06-23T13:07:44,4100.0,13.9,S
2021-06-23T13:07:44,25900.0,13.9,S
2021-06-23T13:07:44,1200.0,13.9,S
2021-06-23T13:07:44,2700.0,13.9,S
2021-06-23T13:07:44,2200.0,13.9,S
2021-06-23T13:07:35,2800.0,13.9,S
2021-06-23T13:07:29,400.0,13.95,B
2021-06-23T13:07:24,200.0,13.95,B
2021-06-23T13:07:17,2000.0,13.95,B
2021-06-23T13:06:50,100.0,13.95,B
2021-06-23T13:06:39,100.0,13.9,S
2021-06-23T13:06:39,2000.0,13.9,S
2021-06-23T13:06:38,3000.0,13.95,B
2021-06-23T13:06:22,500.0,13.95,B
2021-06-23T13:06:07,800.0,13.95,B
2021-06-23T13:06:02,100.0,13.95,B
2021-06-23T13:06:01,3000.0,13.95,B
2021-06-23T13:05:44,700.0,13.95,B
2021-06-23T13:05:42,1000.0,13.95,B
2021-06-23T13:05:16,3700.0,13.95,B
2021-06-23T13:04:53,3600.0,13.9,S
2021-06-23T13:04:53,500.0,13.9,S
2021-06-23T13:04:53,700.0,13.9,S
2021-06-23T13:04:53,200.0,13.9,S
2021-06-23T13:04:43,500.0,13.95,B
2021-06-23T13:04:34,1000.0,13.95,B
2021-06-23T13:04:24,100.0,13.95,B
2021-06-23T13:04:24,600.0,13.95,B
2021-06-23T13:04:17,5000.0,13.95,B
2021-06-23T13:04:11,100.0,13.95,B
2021-06-23T13:04:10,100.0,13.95,B
2021-06-23T13:04:09,400.0,13.95,B
2021-06-23T13:03:57,1300.0,13.95,B
2021-06-23T13:03:56,8700.0,13.95,B
2021-06-23T13:03:55,200.0,13.95,B
2021-06-23T13:03:55,100.0,13.95,B
2021-06-23T13:03:53,1000.0,13.95,B
2021-06-23T13:03:53,400.0,13.95,B
2021-06-23T13:03:38,400.0,13.95,B
2021-06-23T13:03:37,10000.0,13.95,B
2021-06-23T13:03:33,100.0,13.95,B
2021-06-23T13:03:29,900.0,13.95,B
2021-06-23T13:03:15,1400.0,13.95,B
2021-06-23T13:03:11,1500.0,13.95,B
2021-06-23T13:03:06,1000.0,13.95,B
2021-06-23T13:03:03,2000.0,13.95,B
2021-06-23T13:02:58,100.0,13.9,S
2021-06-23T13:02:58,100.0,13.95,B
2021-06-23T13:02:56,100.0,13.95,B
2021-06-23T13:02:47,1900.0,13.95,B
2021-06-23T13:02:41,100.0,13.95,B
2021-06-23T13:02:35,5000.0,13.95,B
2021-06-23T13:02:19,1000.0,13.95,B
2021-06-23T13:02:16,900.0,13.95,B
2021-06-23T13:01:58,5000.0,13.95,B
2021-06-23T13:01:41,200.0,13.95,B
2021-06-23T13:01:34,200.0,13.95,B
2021-06-23T13:01:05,1000.0,13.95,B
2021-06-23T13:00:59,500.0,13.9,B
2021-06-23T13:00:59,100.0,13.9,B
2021-06-23T13:00:59,100.0,13.9,B
2021-06-23T13:00:59,1000.0,13.9,B
2021-06-23T13:00:59,200.0,13.9,B
2021-06-23T13:00:58,100.0,13.9,B
2021-06-23T13:00:53,100.0,13.9,B
2021-06-23T13:00:53,200.0,13.95,B
2021-06-23T13:00:53,200.0,13.95,B
2021-06-23T13:00:52,100.0,13.95,B
2021-06-23T13:00:44,1000.0,13.95,B
2021-06-23T13:00:44,1000.0,13.9,B
2021-06-23T13:00:43,100.0,13.95,B
2021-06-23T13:00:41,4000.0,13.9,B
2021-06-23T13:00:34,400.0,13.95,B
2021-06-23T13:00:28,100.0,13.95,B
2021-06-23T13:00:25,500.0,13.9,B
2021-06-23T13:00:24,200.0,13.9,B
2021-06-23T13:00:24,200.0,13.9,B
2021-06-23T13:00:24,3400.0,13.9,B
2021-06-23T13:00:24,300.0,13.9,B
2021-06-23T13:00:24,200.0,13.9,B
2021-06-23T13:00:24,100.0,13.9,B
2021-06-23T13:00:21,6000.0,13.9,B
2021-06-23T13:00:20,100.0,13.85,S
2021-06-23T13:00:20,1500.0,13.9,B
2021-06-23T13:00:19,100.0,13.85,S
2021-06-23T13:00:18,2000.0,13.9,B
2021-06-23T13:00:17,100.0,13.9,B
2021-06-23T13:00:10,100.0,13.9,B
2021-06-23T13:00:10,20000.0,13.85,S
2021-06-23T13:00:10,100.0,13.9,B
2021-06-23T13:00:10,500.0,13.9,B
2021-06-23T13:00:10,4000.0,13.9,B
2021-06-23T13:00:10,2000.0,13.9,B
2021-06-23T13:00:10,500.0,13.9,B
2021-06-23T13:00:10,300.0,13.9,B
2021-06-23T13:00:10,100.0,13.9,B
2021-06-23T13:00:10,100.0,13.9,B
2021-06-23T13:00:10,500.0,13.9,B
2021-06-23T13:00:08,300.0,13.9,B
2021-06-23T13:00:08,5000.0,13.9,B
2021-06-23T13:00:08,100.0,13.9,B
2021-06-23T13:00:07,100.0,13.9,B
2021-06-23T13:00:07,10000.0,13.9,B
2021-06-23T13:00:07,1000.0,13.9,B
2021-06-23T13:00:07,200.0,13.85,S
2021-06-23T13:00:07,30000.0,13.9,B
2021-06-23T13:00:07,8000.0,13.9,B
2021-06-23T13:00:06,1000.0,13.9,B
2021-06-23T13:00:06,200.0,13.9,B
2021-06-23T11:30:08,2000.0,13.9,B
2021-06-23T11:29:50,400.0,13.85,B
2021-06-23T11:29:47,500.0,13.85,B
2021-06-23T11:29:45,1400.0,13.85,B
2021-06-23T11:29:45,400.0,13.85,B
2021-06-23T11:29:34,100.0,13.85,B
2021-06-23T11:29:19,500.0,13.85,B
2021-06-23T11:29:15,3100.0,13.8,S
2021-06-23T11:29:09,1000.0,13.85,B
2021-06-23T11:29:06,300.0,13.85,B
2021-06-23T11:29:01,1000.0,13.85,B
2021-06-23T11:28:53,200.0,13.85,B
2021-06-23T11:28:51,100.0,13.85,B
2021-06-23T11:28:51,600.0,13.85,B
2021-06-23T11:28:48,100.0,13.85,B
2021-06-23T11:28:45,2700.0,13.85,B
2021-06-23T11:28:33,100.0,13.85,B
2021-06-23T11:28:27,900.0,13.85,B
2021-06-23T11:28:26,500.0,13.85,B
2021-06-23T11:28:18,4900.0,13.6,S
2021-06-23T11:28:18,10000.0,13.6,S
2021-06-23T11:28:18,18100.0,13.6,S
2021-06-23T11:28:18,300.0,13.6,S
2021-06-23T11:28:18,500.0,13.6,S
2021-06-23T11:28:18,1100.0,13.6,S
2021-06-23T11:28:18,21600.0,13.6,S
2021-06-23T11:28:18,16300.0,13.6,S
2021-06-23T11:28:18,5800.0,13.6,S
2021-06-23T11:28:18,10000.0,13.6,S
2021-06-23T11:28:18,4000.0,13.6,S
2021-06-23T11:28:18,10400.0,13.6,S
2021-06-23T11:28:18,1100.0,13.6,S
2021-06-23T11:28:16,5200.0,13.6,S
2021-06-23T11:28:16,300.0,13.6,S
2021-06-23T11:28:16,7000.0,13.6,S
2021-06-23T11:28:16,186800.0,13.6,S
2021-06-23T11:28:16,3300.0,13.6,S
2021-06-23T11:28:16,3000.0,13.6,S
2021-06-23T11:28:16,6000.0,13.6,S
2021-06-23T11:28:16,600.0,13.6,S
2021-06-23T11:28:16,5500.0,13.6,S
2021-06-23T11:28:16,2000.0,13.6,S
2021-06-23T11:28:16,3000.0,13.6,S
2021-06-23T11:28:16,12000.0,13.6,S
2021-06-23T11:28:16,3800.0,13.6,S
2021-06-23T11:28:16,3500.0,13.6,S
2021-06-23T11:28:16,1000.0,13.6,S
2021-06-23T11:28:16,1000.0,13.6,S
2021-06-23T11:28:16,7000.0,13.6,S
2021-06-23T11:28:16,11600.0,13.6,S
2021-06-23T11:28:16,200.0,13.6,S
2021-06-23T11:28:16,35200.0,13.6,S
2021-06-23T11:28:16,27800.0,13.6,S
2021-06-23T11:28:16,3100.0,13.6,S
2021-06-23T11:28:16,4500.0,13.6,S
2021-06-23T11:28:16,1100.0,13.6,S
2021-06-23T11:28:16,1000.0,13.6,S
2021-06-23T11:28:16,21800.0,13.6,S
2021-06-23T11:28:16,3000.0,13.6,S
2021-06-23T11:28:16,32600.0,13.6,S
2021-06-23T11:28:16,1200.0,13.6,S
2021-06-23T11:28:16,1100.0,13.65,S
2021-06-23T11:28:15,700.0,13.65,S
2021-06-23T11:28:15,16300.0,13.65,S
2021-06-23T11:28:15,9600.0,13.65,S
2021-06-23T11:28:15,5600.0,13.65,S
2021-06-23T11:28:15,800.0,13.65,S
2021-06-23T11:28:15,6100.0,13.65,S
2021-06-23T11:28:15,34400.0,13.65,S
2021-06-23T11:28:15,5300.0,13.65,S
2021-06-23T11:28:15,3100.0,13.65,S
2021-06-23T11:28:15,2000.0,13.65,S
2021-06-23T11:28:15,200.0,13.65,S
2021-06-23T11:28:15,3200.0,13.65,S
2021-06-23T11:28:15,15100.0,13.65,S
2021-06-23T11:28:15,2000.0,13.65,S
2021-06-23T11:28:13,500.0,13.65,S
2021-06-23T11:28:13,1200.0,13.65,S
2021-06-23T11:28:13,10100.0,13.65,S
2021-06-23T11:28:13,13100.0,13.65,S
2021-06-23T11:28:13,300.0,13.65,S
2021-06-23T11:28:13,20000.0,13.65,S
2021-06-23T11:28:13,5200.0,13.65,S
2021-06-23T11:28:13,3600.0,13.65,S
2021-06-23T11:28:13,1500.0,13.65,S
2021-06-23T11:28:13,300.0,13.65,S
2021-06-23T11:28:13,1000.0,13.65,S
2021-06-23T11:28:13,10000.0,13.65,S
2021-06-23T11:28:13,2800.0,13.65,S
2021-06-23T11:28:13,27300.0,13.65,S
2021-06-23T11:28:13,6000.0,13.65,S
2021-06-23T11:28:13,500.0,13.65,S
2021-06-23T11:28:13,1500.0,13.65,S
2021-06-23T11:28:13,28100.0,13.65,S
2021-06-23T11:28:13,11000.0,13.7,S
2021-06-23T11:28:13,1300.0,13.7,S
2021-06-23T11:28:13,21000.0,13.7,S
2021-06-23T11:28:13,600.0,13.7,S
2021-06-23T11:28:13,204000.0,13.7,S
2021-06-23T11:28:13,1000.0,13.7,S
2021-06-23T11:28:13,24400.0,13.7,S
2021-06-23T11:28:05,100.0,13.85,B
2021-06-23T11:28:05,500.0,13.85,B
2021-06-23T11:28:04,1500.0,13.8,S
2021-06-23T11:27:59,1000.0,13.8,S
2021-06-23T11:27:34,400.0,13.9,S
2021-06-23T11:27:34,3300.0,13.65,S
2021-06-23T11:27:34,3200.0,13.65,S
2021-06-23T11:27:33,6300.0,13.65,S
2021-06-23T11:27:33,11200.0,13.65,S
2021-06-23T11:27:33,2200.0,13.65,S
2021-06-23T11:27:33,900.0,13.65,S
2021-06-23T11:27:33,59500.0,13.65,S
2021-06-23T11:27:33,2300.0,13.65,S
2021-06-23T11:27:33,4400.0,13.65,S
2021-06-23T11:27:33,8100.0,13.65,S
2021-06-23T11:27:33,31400.0,13.65,S
2021-06-23T11:27:33,6200.0,13.65,S
2021-06-23T11:27:32,300.0,13.65,S
2021-06-23T11:27:32,24200.0,13.65,S
2021-06-23T11:27:32,1100.0,13.65,S
2021-06-23T11:27:32,6400.0,13.65,S
2021-06-23T11:27:32,8700.0,13.65,S
2021-06-23T11:27:32,1100.0,13.65,S
2021-06-23T11:27:32,1000.0,13.65,S
2021-06-23T11:27:32,318200.0,13.65,S
2021-06-23T11:27:32,274700.0,13.65,S
2021-06-23T11:27:32,1300.0,13.7,S
2021-06-23T11:27:32,2500.0,13.7,S
2021-06-23T11:27:30,2800.0,13.7,S
2021-06-23T11:27:30,400.0,13.7,S
2021-06-23T11:27:30,217800.0,13.7,S
2021-06-23T11:27:30,500.0,13.75,S
2021-06-23T11:27:14,2000.0,13.9,S
2021-06-23T11:27:12,1000.0,13.9,S
2021-06-23T11:27:06,400.0,13.9,S
2021-06-23T11:27:05,200.0,13.9,S
2021-06-23T11:27:00,100.0,13.9,S
2021-06-23T11:26:58,17600.0,13.65,S
2021-06-23T11:26:58,3600.0,13.65,S
2021-06-23T11:26:58,200.0,13.65,S
2021-06-23T11:26:58,51000.0,13.65,S
2021-06-23T11:26:58,8400.0,13.65,S
2021-06-23T11:26:58,1400.0,13.65,S
2021-06-23T11:26:55,10000.0,13.65,S
2021-06-23T11:26:55,2200.0,13.65,S
2021-06-23T11:26:55,47300.0,13.65,S
2021-06-23T11:26:55,250000.0,13.7,S
2021-06-23T11:26:55,9300.0,13.7,S
2021-06-23T11:26:55,6700.0,13.7,S
2021-06-23T11:26:55,400.0,13.7,S
2021-06-23T11:26:55,1300.0,13.7,S
2021-06-23T11:26:55,800.0,13.7,S
2021-06-23T11:26:55,10200.0,13.7,S
2021-06-23T11:26:55,6000.0,13.75,S
2021-06-23T11:26:55,2600.0,13.75,S
2021-06-23T11:26:55,1000.0,13.8,S
2021-06-23T11:26:55,7300.0,13.8,S
2021-06-23T11:26:55,62500.0,13.85,S
2021-06-23T11:26:55,200.0,13.85,S
2021-06-23T11:26:54,500.0,13.9,S
2021-06-23T11:26:49,200.0,13.9,S
2021-06-23T11:26:49,18600.0,13.9,S
2021-06-23T11:26:37,100.0,13.9,S
2021-06-23T11:26:31,6600.0,13.9,S
2021-06-23T11:26:30,2500.0,13.9,S
2021-06-23T11:26:27,9400.0,13.9,S
2021-06-23T11:26:27,19900.0,13.9,S
2021-06-23T11:26:24,55600.0,13.65,S
2021-06-23T11:26:24,3200.0,13.65,S
2021-06-23T11:26:24,500.0,13.65,S
2021-06-23T11:26:24,900.0,13.65,S
2021-06-23T11:26:24,6300.0,13.65,S
2021-06-23T11:26:24,21000.0,13.65,S
2021-06-23T11:26:24,3400.0,13.65,S
2021-06-23T11:26:24,1100.0,13.65,S
2021-06-23T11:26:24,100.0,13.65,S
2021-06-23T11:26:24,5400.0,13.65,S
2021-06-23T11:26:24,10000.0,13.65,S
2021-06-23T11:26:24,100.0,13.65,S
2021-06-23T11:26:24,10100.0,13.65,S
2021-06-23T11:26:24,4100.0,13.65,S
2021-06-23T11:26:24,500.0,13.65,S
2021-06-23T11:26:24,300.0,13.65,S
2021-06-23T11:26:24,2900.0,13.65,S
2021-06-23T11:26:24,3000.0,13.65,S
2021-06-23T11:26:24,100000.0,13.65,S
2021-06-23T11:26:24,1600.0,13.65,S
2021-06-23T11:26:24,1100.0,13.65,S
2021-06-23T11:26:24,2000.0,13.65,S
2021-06-23T11:26:24,43000.0,13.65,S
2021-06-23T11:26:24,500.0,13.65,S
2021-06-23T11:26:24,72300.0,13.65,S
2021-06-23T11:26:24,35100.0,13.65,S
2021-06-23T11:26:24,5100.0,13.65,S
2021-06-23T11:26:24,2100.0,13.65,S
2021-06-23T11:26:23,1700.0,13.65,S
2021-06-23T11:26:23,5100.0,13.65,S
2021-06-23T11:26:23,1200.0,13.65,S
2021-06-23T11:26:23,1000.0,13.65,S
2021-06-23T11:26:23,68300.0,13.65,S
2021-06-23T11:26:23,1000.0,13.7,S
2021-06-23T11:26:23,2200.0,13.7,S
2021-06-23T11:26:23,4700.0,13.7,S
2021-06-23T11:26:23,21000.0,13.7,S
2021-06-23T11:26:23,500.0,13.8,S
2021-06-23T11:26:23,2000.0,13.8,S
2021-06-23T11:26:17,200.0,13.9,B
2021-06-23T11:26:16,300.0,13.9,B
2021-06-23T11:26:16,1000.0,13.9,B
2021-06-23T11:26:04,2000.0,13.9,B
2021-06-23T11:26:00,9600.0,13.9,B
2021-06-23T11:26:00,400.0,13.9,B
2021-06-23T11:26:00,9000.0,13.7,S
2021-06-23T11:26:00,1000.0,13.7,S
2021-06-23T11:26:00,37500.0,13.65,S
2021-06-23T11:26:00,4000.0,13.65,S
2021-06-23T11:26:00,1000.0,13.65,S
2021-06-23T11:26:00,1000.0,13.65,S
2021-06-23T11:26:00,20000.0,13.65,S
2021-06-23T11:26:00,900.0,13.65,S
2021-06-23T11:26:00,900.0,13.65,S
2021-06-23T11:25:59,3200.0,13.65,S
2021-06-23T11:25:59,100.0,13.65,S
2021-06-23T11:25:59,100000.0,13.65,S
2021-06-23T11:25:59,29300.0,13.65,S
2021-06-23T11:25:59,1300.0,13.65,S
2021-06-23T11:25:59,10500.0,13.65,S
2021-06-23T11:25:59,5000.0,13.65,S
2021-06-23T11:25:59,2300.0,13.65,S
2021-06-23T11:25:59,3200.0,13.65,S
2021-06-23T11:25:59,5000.0,13.65,S
2021-06-23T11:25:59,4700.0,13.65,S
2021-06-23T11:25:59,9000.0,13.65,S
2021-06-23T11:25:59,500.0,13.65,S
2021-06-23T11:25:59,5000.0,13.65,S
2021-06-23T11:25:59,2100.0,13.65,S
2021-06-23T11:25:59,1000.0,13.65,S
2021-06-23T11:25:59,100.0,13.65,S
2021-06-23T11:25:59,2500.0,13.65,S
2021-06-23T11:25:59,5000.0,13.65,S
2021-06-23T11:25:59,7500.0,13.65,S
2021-06-23T11:25:59,3500.0,13.65,S
2021-06-23T11:25:59,500.0,13.65,S
2021-06-23T11:25:59,134100.0,13.65,S
2021-06-23T11:25:59,300.0,13.7,S
2021-06-23T11:25:59,700.0,13.7,S
2021-06-23T11:25:59,11000.0,13.7,S
2021-06-23T11:25:59,3100.0,13.7,S
2021-06-23T11:25:59,15000.0,13.7,S
2021-06-23T11:25:59,10500.0,13.7,S
2021-06-23T11:25:59,4500.0,13.75,S
2021-06-23T11:25:59,52200.0,13.75,S
2021-06-23T11:25:58,2000.0,13.85,S
2021-06-23T11:25:49,1000.0,13.8,S
2021-06-23T11:25:49,100.0,13.9,B
2021-06-23T11:25:45,1500.0,13.9,B
2021-06-23T11:25:38,180300.0,13.65,S
2021-06-23T11:25:38,200.0,13.7,S
2021-06-23T11:25:38,500.0,13.7,S
2021-06-23T11:25:38,100.0,13.7,S
2021-06-23T11:25:38,500.0,13.7,S
2021-06-23T11:25:38,5100.0,13.7,S
2021-06-23T11:25:38,3000.0,13.7,S
2021-06-23T11:25:38,500.0,13.7,S
2021-06-23T11:25:38,90200.0,13.7,S
2021-06-23T11:25:38,1100.0,13.7,S
2021-06-23T11:25:38,500.0,13.7,S
2021-06-23T11:25:38,111600.0,13.7,S
2021-06-23T11:25:38,6600.0,13.7,S
2021-06-23T11:25:38,70100.0,13.75,S
2021-06-23T11:25:37,29700.0,13.75,S
2021-06-23T11:25:34,300.0,13.9,B
2021-06-23T11:25:33,2500.0,13.9,B
2021-06-23T11:25:13,3000.0,13.9,B
2021-06-23T11:25:03,201800.0,13.65,S
2021-06-23T11:25:03,200.0,13.65,S
2021-06-23T11:25:03,3500.0,13.65,S
2021-06-23T11:25:02,28500.0,13.65,S
2021-06-23T11:25:02,16100.0,13.65,S
2021-06-23T11:25:02,3100.0,13.65,S
2021-06-23T11:25:02,1600.0,13.65,S
2021-06-23T11:25:02,7300.0,13.65,S
2021-06-23T11:25:02,6900.0,13.65,S
2021-06-23T11:25:02,3600.0,13.65,S
2021-06-23T11:25:02,5500.0,13.65,S
2021-06-23T11:25:00,100.0,13.65,S
2021-06-23T11:25:00,100.0,13.65,S
2021-06-23T11:25:00,7200.0,13.65,S
2021-06-23T11:25:00,8200.0,13.65,S
2021-06-23T11:25:00,6300.0,13.65,S
2021-06-23T11:25:00,2200.0,13.65,S
2021-06-23T11:25:00,1800.0,13.65,S
2021-06-23T11:25:00,1300.0,13.65,S
2021-06-23T11:25:00,22100.0,13.65,S
2021-06-23T11:25:00,20400.0,13.65,S
2021-06-23T11:25:00,15300.0,13.65,S
2021-06-23T11:25:00,3800.0,13.65,S
2021-06-23T11:25:00,6100.0,13.65,S
2021-06-23T11:25:00,44600.0,13.65,S
2021-06-23T11:25:00,10100.0,13.7,S
2021-06-23T11:25:00,5700.0,13.7,S
2021-06-23T11:25:00,11500.0,13.7,S
2021-06-23T11:25:00,13400.0,13.7,S
2021-06-23T11:25:00,18400.0,13.7,S
2021-06-23T11:25:00,900.0,13.7,S
2021-06-23T11:25:00,9600.0,13.7,S
2021-06-23T11:25:00,19000.0,13.7,S
2021-06-23T11:25:00,22500.0,13.7,S
2021-06-23T11:25:00,4500.0,13.7,S
2021-06-23T11:24:59,9100.0,13.7,S
2021-06-23T11:24:59,25500.0,13.7,S
2021-06-23T11:24:59,500.0,13.7,S
2021-06-23T11:24:59,4500.0,13.7,S
2021-06-23T11:24:59,15500.0,13.7,S
2021-06-23T11:24:59,24200.0,13.7,S
2021-06-23T11:24:59,600.0,13.7,S
2021-06-23T11:24:59,100.0,13.7,S
2021-06-23T11:24:59,7000.0,13.7,S
2021-06-23T11:24:59,3000.0,13.7,S
2021-06-23T11:24:59,1200.0,13.7,S
2021-06-23T11:24:59,3500.0,13.7,S
2021-06-23T11:24:59,400.0,13.7,S
2021-06-23T11:24:59,30500.0,13.7,S
2021-06-23T11:24:59,300.0,13.7,S
2021-06-23T11:24:59,15500.0,13.7,S
2021-06-23T11:24:59,200.0,13.7,S
2021-06-23T11:24:59,52100.0,13.7,S
2021-06-23T11:24:59,1100.0,13.75,S
2021-06-23T11:24:58,200.0,13.75,S
2021-06-23T11:24:58,300.0,13.75,S
2021-06-23T11:24:58,20000.0,13.75,S
2021-06-23T11:24:58,3000.0,13.75,S
2021-06-23T11:24:58,2400.0,13.75,S
2021-06-23T11:24:58,7800.0,13.8,S
2021-06-23T11:24:58,38300.0,13.8,S
2021-06-23T11:24:57,5000.0,13.9,B
2021-06-23T11:24:52,2500.0,13.85,S
2021-06-23T11:24:51,5000.0,13.85,S
2021-06-23T11:24:49,200.0,13.9,B
2021-06-23T11:24:49,500.0,13.9,B
2021-06-23T11:24:45,500.0,13.85,S
2021-06-23T11:24:38,600.0,13.9,B
2021-06-23T11:24:28,1000.0,13.85,S
2021-06-23T11:24:26,100.0,13.9,B
2021-06-23T11:24:25,1000.0,13.9,B
2021-06-23T11:24:22,500.0,13.9,B
2021-06-23T11:24:17,400.0,13.85,S
2021-06-23T11:24:11,1000.0,13.85,S
2021-06-23T11:24:07,100.0,13.95,B
2021-06-23T11:23:54,8200.0,13.65,S
2021-06-23T11:23:54,7500.0,13.65,S
2021-06-23T11:23:54,1000.0,13.65,S
2021-06-23T11:23:53,500.0,13.65,S
2021-06-23T11:23:53,5300.0,13.65,S
2021-06-23T11:23:53,400.0,13.65,S
2021-06-23T11:23:53,36400.0,13.65,S
2021-06-23T11:23:53,200.0,13.7,S
2021-06-23T11:23:53,3700.0,13.7,S
2021-06-23T11:23:53,2000.0,13.7,S
2021-06-23T11:23:53,1400.0,13.7,S
2021-06-23T11:23:53,22000.0,13.7,S
2021-06-23T11:23:53,100.0,13.7,S
2021-06-23T11:23:53,7700.0,13.7,S
2021-06-23T11:23:53,5100.0,13.7,S
2021-06-23T11:23:52,7600.0,13.7,S
2021-06-23T11:23:52,53100.0,13.7,S
2021-06-23T11:23:52,4400.0,13.7,S
2021-06-23T11:23:52,2400.0,13.7,S
2021-06-23T11:23:52,200.0,13.7,S
2021-06-23T11:23:52,11000.0,13.7,S
2021-06-23T11:23:52,2000.0,13.7,S
2021-06-23T11:23:52,51500.0,13.7,S
2021-06-23T11:23:52,4600.0,13.7,S
2021-06-23T11:23:52,20000.0,13.7,S
2021-06-23T11:23:52,21800.0,13.7,S
2021-06-23T11:23:52,3500.0,13.7,S
2021-06-23T11:23:52,12400.0,13.7,S
2021-06-23T11:23:52,1500.0,13.7,S
2021-06-23T11:23:52,3300.0,13.7,S
2021-06-23T11:23:52,1000.0,13.7,S
2021-06-23T11:23:50,10000.0,13.7,S
2021-06-23T11:23:50,1100.0,13.7,S
2021-06-23T11:23:50,6300.0,13.7,S
2021-06-23T11:23:50,23000.0,13.7,S
2021-06-23T11:23:50,2000.0,13.7,S
2021-06-23T11:23:50,3700.0,13.7,S
2021-06-23T11:23:50,21000.0,13.7,S
2021-06-23T11:23:50,1100.0,13.7,S
2021-06-23T11:23:50,1300.0,13.7,S
2021-06-23T11:23:50,100.0,13.7,S
2021-06-23T11:23:50,38100.0,13.7,S
2021-06-23T11:23:50,1300.0,13.7,S
2021-06-23T11:23:50,2700.0,13.7,S
2021-06-23T11:23:50,300.0,13.7,S
2021-06-23T11:23:50,500.0,13.7,S
2021-06-23T11:23:50,3600.0,13.7,S
2021-06-23T11:23:50,500.0,13.7,S
2021-06-23T11:23:50,400.0,13.7,S
2021-06-23T11:23:50,2600.0,13.7,S
2021-06-23T11:23:50,5200.0,13.7,S
2021-06-23T11:23:50,14000.0,13.7,S
2021-06-23T11:23:50,3000.0,13.7,S
2021-06-23T11:23:50,13300.0,13.7,S
2021-06-23T11:23:50,100.0,13.7,S
2021-06-23T11:23:50,2500.0,13.7,S
2021-06-23T11:23:50,400.0,13.7,S
2021-06-23T11:23:50,2400.0,13.7,S
2021-06-23T11:23:50,37700.0,13.7,S
2021-06-23T11:23:50,63900.0,13.7,S
2021-06-23T11:23:49,300.0,13.7,S
2021-06-23T11:23:49,20400.0,13.7,S
2021-06-23T11:23:49,600.0,13.7,S
2021-06-23T11:23:49,1000.0,13.7,S
2021-06-23T11:23:49,7100.0,13.7,S
2021-06-23T11:23:49,1500.0,13.7,S
2021-06-23T11:23:49,3600.0,13.7,S
2021-06-23T11:23:49,300.0,13.7,S
2021-06-23T11:23:49,8700.0,13.7,S
2021-06-23T11:23:49,2300.0,13.7,S
2021-06-23T11:23:49,102600.0,13.7,S
2021-06-23T11:23:49,1100.0,13.7,S
2021-06-23T11:23:49,6500.0,13.7,S
2021-06-23T11:23:49,800.0,13.7,S
2021-06-23T11:23:49,1600.0,13.7,S
2021-06-23T11:23:49,16900.0,13.7,S
2021-06-23T11:23:49,1800.0,13.7,S
2021-06-23T11:23:49,9600.0,13.7,S
2021-06-23T11:23:49,2600.0,13.7,S
2021-06-23T11:23:49,2000.0,13.7,S
2021-06-23T11:23:49,5000.0,13.7,S
2021-06-23T11:23:49,2800.0,13.7,S
2021-06-23T11:23:49,4500.0,13.7,S
2021-06-23T11:23:49,9600.0,13.7,S
2021-06-23T11:23:49,2100.0,13.7,S
2021-06-23T11:23:49,55500.0,13.7,S
2021-06-23T11:23:47,41800.0,13.7,S
2021-06-23T11:23:47,5400.0,13.75,S
2021-06-23T11:23:47,46900.0,13.75,S
2021-06-23T11:23:47,10500.0,13.75,S
2021-06-23T11:23:47,5200.0,13.75,S
2021-06-23T11:23:47,200.0,13.8,S
2021-06-23T11:23:47,6800.0,13.8,S
2021-06-23T11:23:47,4600.0,13.8,S
2021-06-23T11:23:47,900.0,13.85,S
2021-06-23T11:23:47,43000.0,13.85,S
2021-06-23T11:23:45,5300.0,13.95,B
2021-06-23T11:23:39,1000.0,13.9,B
2021-06-23T11:23:27,10000.0,13.95,B
2021-06-23T11:23:01,62100.0,13.7,S
2021-06-23T11:23:01,5200.0,13.7,S
2021-06-23T11:23:01,1000.0,13.7,S
2021-06-23T11:23:01,11000.0,13.7,S
2021-06-23T11:23:01,2000.0,13.7,S
2021-06-23T11:23:01,3000.0,13.7,S
2021-06-23T11:23:01,1000.0,13.7,S
2021-06-23T11:23:01,8000.0,13.7,S
2021-06-23T11:23:01,3500.0,13.7,S
2021-06-23T11:23:01,2400.0,13.7,S
2021-06-23T11:23:01,12600.0,13.7,S
2021-06-23T11:23:01,22500.0,13.7,S
2021-06-23T11:23:01,4900.0,13.7,S
2021-06-23T11:23:01,3300.0,13.7,S
2021-06-23T11:23:00,10500.0,13.7,S
2021-06-23T11:23:00,3300.0,13.7,S
2021-06-23T11:23:00,3000.0,13.7,S
2021-06-23T11:23:00,3000.0,13.7,S
2021-06-23T11:23:00,5100.0,13.7,S
2021-06-23T11:23:00,18100.0,13.7,S
2021-06-23T11:23:00,11700.0,13.7,S
2021-06-23T11:23:00,5000.0,13.7,S
2021-06-23T11:23:00,41400.0,13.7,S
2021-06-23T11:22:58,7000.0,13.7,S
2021-06-23T11:22:58,21100.0,13.7,S
2021-06-23T11:22:58,100000.0,13.7,S
2021-06-23T11:22:58,22000.0,13.7,S
2021-06-23T11:22:58,11000.0,13.7,S
2021-06-23T11:22:58,9000.0,13.7,S
2021-06-23T11:22:58,200.0,13.7,S
2021-06-23T11:22:58,10000.0,13.7,S
2021-06-23T11:22:58,3100.0,13.7,S
2021-06-23T11:22:58,54400.0,13.7,S
2021-06-23T11:22:58,1400.0,13.7,S
2021-06-23T11:22:58,17200.0,13.7,S
2021-06-23T11:22:58,5000.0,13.7,S
2021-06-23T11:22:58,10300.0,13.7,S
2021-06-23T11:22:58,6500.0,13.7,S
2021-06-23T11:22:58,200.0,13.7,S
2021-06-23T11:22:58,1200.0,13.7,S
2021-06-23T11:22:58,8200.0,13.7,S
2021-06-23T11:22:58,15200.0,13.7,S
2021-06-23T11:22:58,15200.0,13.7,S
2021-06-23T11:22:58,3500.0,13.7,S
2021-06-23T11:22:56,54700.0,13.7,S
2021-06-23T11:22:56,1200.0,13.7,S
2021-06-23T11:22:56,16700.0,13.7,S
2021-06-23T11:22:56,1000.0,13.7,S
2021-06-23T11:22:56,5700.0,13.7,S
2021-06-23T11:22:56,15400.0,13.7,S
2021-06-23T11:22:56,2200.0,13.7,S
2021-06-23T11:22:56,19200.0,13.7,S
2021-06-23T11:22:56,12300.0,13.7,S
2021-06-23T11:22:56,100.0,13.7,S
2021-06-23T11:22:56,1500.0,13.7,S
2021-06-23T11:22:56,12600.0,13.7,S
2021-06-23T11:22:56,500.0,13.7,S
2021-06-23T11:22:56,1000.0,13.7,S
2021-06-23T11:22:56,197100.0,13.7,S
2021-06-23T11:22:56,8400.0,13.75,S
2021-06-23T11:22:56,100.0,13.75,S
2021-06-23T11:22:56,1000.0,13.75,S
2021-06-23T11:22:56,3800.0,13.75,S
2021-06-23T11:22:56,31800.0,13.75,S
2021-06-23T11:22:56,200.0,13.75,S
2021-06-23T11:22:55,7300.0,13.75,S
2021-06-23T11:22:55,1500.0,13.75,S
2021-06-23T11:22:55,2000.0,13.75,S
2021-06-23T11:22:55,1600.0,13.75,S
2021-06-23T11:22:55,8000.0,13.8,S
2021-06-23T11:22:55,2100.0,13.8,S
2021-06-23T11:22:55,3200.0,13.8,S
2021-06-23T11:22:55,13100.0,13.8,S
2021-06-23T11:22:55,1400.0,13.85,S
2021-06-23T11:22:54,8000.0,13.85,S
2021-06-23T11:22:47,9000.0,13.95,B
2021-06-23T11:22:40,5000.0,13.9,B
2021-06-23T11:22:25,200.0,13.95,B
2021-06-23T11:22:14,50000.0,13.95,B
2021-06-23T11:22:00,1200.0,13.8,S
2021-06-23T11:21:59,500.0,13.8,S
2021-06-23T11:21:56,1300.0,13.8,S
2021-06-23T11:21:56,700.0,13.8,S
2021-06-23T11:21:56,100.0,13.8,S
2021-06-23T11:21:56,100.0,13.8,S
2021-06-23T11:21:53,2900.0,13.8,S
2021-06-23T11:21:51,500.0,13.95,B
2021-06-23T11:21:45,100.0,13.9,B
2021-06-23T11:21:39,1800.0,13.75,S
2021-06-23T11:21:37,500.0,13.9,B
2021-06-23T11:21:35,300.0,13.9,B
2021-06-23T11:21:35,83900.0,13.7,S
2021-06-23T11:21:35,3100.0,13.7,S
2021-06-23T11:21:35,1500.0,13.7,S
2021-06-23T11:21:35,2500.0,13.7,S
2021-06-23T11:21:35,10700.0,13.7,S
2021-06-23T11:21:35,13200.0,13.7,S
2021-06-23T11:21:35,3000.0,13.7,S
2021-06-23T11:21:35,40000.0,13.7,S
2021-06-23T11:21:34,23800.0,13.75,S
2021-06-23T11:21:34,6000.0,13.75,S
2021-06-23T11:21:34,3000.0,13.75,S
2021-06-23T11:21:34,40300.0,13.75,S
2021-06-23T11:21:34,6300.0,13.75,S
2021-06-23T11:21:34,400.0,13.75,S
2021-06-23T11:21:34,5500.0,13.75,S
2021-06-23T11:21:34,1400.0,13.75,S
2021-06-23T11:21:34,600.0,13.75,S
2021-06-23T11:21:34,6700.0,13.75,S
2021-06-23T11:21:34,6500.0,13.75,S
2021-06-23T11:21:34,6000.0,13.75,S
2021-06-23T11:21:34,600.0,13.75,S
2021-06-23T11:21:34,200.0,13.75,S
2021-06-23T11:21:34,800.0,13.75,S
2021-06-23T11:21:34,5000.0,13.75,S
2021-06-23T11:21:34,3100.0,13.75,S
2021-06-23T11:21:34,1800.0,13.75,S
2021-06-23T11:21:33,2000.0,13.75,S
2021-06-23T11:21:33,2100.0,13.8,S
2021-06-23T11:21:33,700.0,13.8,S
2021-06-23T11:21:33,5400.0,13.8,S
2021-06-23T11:21:33,100.0,13.8,S
2021-06-23T11:21:33,1600.0,13.8,S
2021-06-23T11:21:33,6700.0,13.8,S
2021-06-23T11:21:33,1100.0,13.85,S
2021-06-23T11:21:33,1500.0,13.85,S
2021-06-23T11:21:33,2800.0,13.85,S
2021-06-23T11:21:33,100.0,13.85,S
2021-06-23T11:21:30,600.0,13.9,B
2021-06-23T11:21:30,2000.0,13.9,B
2021-06-23T11:21:19,1000.0,13.9,B
2021-06-23T11:21:10,100.0,13.95,B
2021-06-23T11:21:09,200.0,13.95,B
2021-06-23T11:21:07,500.0,13.9,B
2021-06-23T11:21:06,100.0,13.9,B
2021-06-23T11:20:58,20000.0,13.95,B
2021-06-23T11:20:57,300.0,13.9,B
2021-06-23T11:20:56,400.0,13.9,B
2021-06-23T11:20:48,900.0,13.9,B
2021-06-23T11:20:41,1300.0,13.9,B
2021-06-23T11:20:41,800.0,13.9,B
2021-06-23T11:20:41,66600.0,13.7,S
2021-06-23T11:20:41,2000.0,13.7,S
2021-06-23T11:20:41,400.0,13.7,S
2021-06-23T11:20:41,2200.0,13.7,S
2021-06-23T11:20:41,10000.0,13.7,S
2021-06-23T11:20:41,1100.0,13.7,S
2021-06-23T11:20:41,134700.0,13.7,S
2021-06-23T11:20:41,1100.0,13.7,S
2021-06-23T11:20:41,300.0,13.7,S
2021-06-23T11:20:41,10000.0,13.7,S
2021-06-23T11:20:41,30800.0,13.75,S
2021-06-23T11:20:41,8100.0,13.75,S
2021-06-23T11:20:41,2100.0,13.75,S
2021-06-23T11:20:41,3100.0,13.75,S
2021-06-23T11:20:41,900.0,13.75,S
2021-06-23T11:20:40,1100.0,13.75,S
2021-06-23T11:20:40,200.0,13.75,S
2021-06-23T11:20:40,5000.0,13.75,S
2021-06-23T11:20:40,4600.0,13.75,S
2021-06-23T11:20:40,1200.0,13.75,S
2021-06-23T11:20:40,2500.0,13.75,S
2021-06-23T11:20:40,1500.0,13.75,S
2021-06-23T11:20:40,200.0,13.75,S
2021-06-23T11:20:40,11000.0,13.75,S
2021-06-23T11:20:40,50600.0,13.75,S
2021-06-23T11:20:40,3900.0,13.75,S
2021-06-23T11:20:40,24700.0,13.75,S
2021-06-23T11:20:40,2400.0,13.75,S
2021-06-23T11:20:40,44000.0,13.75,S
2021-06-23T11:20:40,400.0,13.8,S
2021-06-23T11:20:40,1000.0,13.8,S
2021-06-23T11:20:40,1100.0,13.8,S
2021-06-23T11:20:40,7600.0,13.8,S
2021-06-23T11:20:40,1500.0,13.8,S
2021-06-23T11:20:40,13100.0,13.8,S
2021-06-23T11:20:40,2100.0,13.8,S
2021-06-23T11:20:40,900.0,13.85,S
2021-06-23T11:20:40,46000.0,13.85,S
2021-06-23T11:20:23,2000.0,13.9,B
2021-06-23T11:20:23,2000.0,13.85,S
2021-06-23T11:20:22,200.0,13.9,B
2021-06-23T11:20:22,3000.0,13.9,B
2021-06-23T11:20:10,3500.0,13.85,S
2021-06-23T11:20:04,5000.0,13.75,S
2021-06-23T11:19:58,6100.0,13.75,S
2021-06-23T11:19:58,10700.0,13.75,S
2021-06-23T11:19:58,200.0,13.75,S
2021-06-23T11:19:58,500.0,13.75,S
2021-06-23T11:19:58,1500.0,13.75,S
2021-06-23T11:19:58,111000.0,13.75,S
2021-06-23T11:19:58,2900.0,13.75,S
2021-06-23T11:19:58,4600.0,13.75,S
2021-06-23T11:19:58,200.0,13.75,S
2021-06-23T11:19:58,6200.0,13.75,S
2021-06-23T11:19:58,1000.0,13.75,S
2021-06-23T11:19:58,100.0,13.75,S
2021-06-23T11:19:58,110100.0,13.75,S
2021-06-23T11:19:58,10100.0,13.75,S
2021-06-23T11:19:58,3100.0,13.75,S
2021-06-23T11:19:58,10300.0,13.75,S
2021-06-23T11:19:58,124200.0,13.75,S
2021-06-23T11:19:58,16700.0,13.8,S
2021-06-23T11:19:58,5000.0,13.8,S
2021-06-23T11:19:58,4500.0,13.8,S
2021-06-23T11:19:58,3500.0,13.8,S
2021-06-23T11:19:58,29900.0,13.8,S
2021-06-23T11:19:58,2200.0,13.85,S
2021-06-23T11:19:57,100.0,13.85,S
2021-06-23T11:19:57,35300.0,13.85,S
2021-06-23T11:19:40,1300.0,13.95,B
2021-06-23T11:19:34,1000.0,13.9,B
2021-06-23T11:19:33,1900.0,13.9,B
2021-06-23T11:19:22,100.0,13.85,S
2021-06-23T11:19:17,100.0,13.85,S
2021-06-23T11:19:15,100.0,13.85,S
2021-06-23T11:19:15,400.0,13.85,S
2021-06-23T11:19:13,100.0,13.9,B
2021-06-23T11:19:08,100.0,13.85,S
2021-06-23T11:19:05,50700.0,13.75,S
2021-06-23T11:19:05,100800.0,13.75,S
2021-06-23T11:19:05,5100.0,13.75,S
2021-06-23T11:19:05,200.0,13.75,S
2021-06-23T11:19:05,10000.0,13.75,S
2021-06-23T11:19:05,1800.0,13.8,S
2021-06-23T11:19:05,6000.0,13.8,S
2021-06-23T11:19:05,3300.0,13.8,S
2021-06-23T11:19:05,12400.0,13.8,S
2021-06-23T11:19:05,2000.0,13.8,S
2021-06-23T11:19:05,51100.0,13.8,S
2021-06-23T11:19:05,1100.0,13.8,S
2021-06-23T11:19:05,2500.0,13.8,S
2021-06-23T11:19:05,4500.0,13.8,S
2021-06-23T11:19:05,1000.0,13.8,S
2021-06-23T11:19:05,2600.0,13.8,S
2021-06-23T11:19:05,5800.0,13.8,S
2021-06-23T11:19:05,200.0,13.8,S
2021-06-23T11:19:04,3200.0,13.8,S
2021-06-23T11:19:04,6000.0,13.8,S
2021-06-23T11:19:04,29300.0,13.8,S
2021-06-23T11:19:04,2000.0,13.8,S
2021-06-23T11:19:04,1000.0,13.8,S
2021-06-23T11:19:04,4000.0,13.8,S
2021-06-23T11:19:04,3200.0,13.8,S
2021-06-23T11:19:04,1300.0,13.8,S
2021-06-23T11:19:04,1000.0,13.8,S
2021-06-23T11:19:04,9000.0,13.8,S
2021-06-23T11:19:04,3200.0,13.8,S
2021-06-23T11:19:04,500.0,13.8,S
2021-06-23T11:19:04,3300.0,13.8,S
2021-06-23T11:19:04,300.0,13.8,S
2021-06-23T11:19:04,3000.0,13.8,S
2021-06-23T11:19:04,200.0,13.8,S
2021-06-23T11:19:04,5200.0,13.8,S
2021-06-23T11:19:04,1700.0,13.8,S
2021-06-23T11:19:04,1900.0,13.8,S
2021-06-23T11:19:04,200.0,13.8,S
2021-06-23T11:19:03,400.0,13.8,S
2021-06-23T11:19:03,1000.0,13.8,S
2021-06-23T11:19:03,7300.0,13.8,S
2021-06-23T11:19:03,10000.0,13.8,S
2021-06-23T11:19:03,1000.0,13.8,S
2021-06-23T11:19:03,1100.0,13.8,S
2021-06-23T11:19:03,18000.0,13.8,S
2021-06-23T11:19:03,1000.0,13.8,S
2021-06-23T11:19:03,5200.0,13.8,S
2021-06-23T11:19:03,1400.0,13.8,S
2021-06-23T11:19:03,900.0,13.8,S
2021-06-23T11:19:03,300.0,13.8,S
2021-06-23T11:19:03,3000.0,13.8,S
2021-06-23T11:19:03,20500.0,13.8,S
2021-06-23T11:19:03,300.0,13.8,S
2021-06-23T11:19:03,9000.0,13.8,S
2021-06-23T11:19:03,12100.0,13.8,S
2021-06-23T11:19:03,4100.0,13.8,S
2021-06-23T11:19:03,21500.0,13.8,S
2021-06-23T11:19:03,3000.0,13.8,S
2021-06-23T11:19:03,300.0,13.8,S
2021-06-23T11:19:01,7900.0,13.8,S
2021-06-23T11:19:01,6800.0,13.8,S
2021-06-23T11:19:01,7100.0,13.85,S
2021-06-23T11:19:01,200.0,13.85,S
2021-06-23T11:19:01,16000.0,13.85,S
2021-06-23T11:18:35,3500.0,13.85,S
2021-06-23T11:18:26,500.0,13.95,B
2021-06-23T11:18:23,400.0,13.8,S
2021-06-23T11:18:23,100.0,13.8,S
2021-06-23T11:18:22,500.0,13.9,B
2021-06-23T11:18:19,2900.0,13.8,S
2021-06-23T11:18:19,30200.0,13.8,S
2021-06-23T11:18:19,300.0,13.8,S
2021-06-23T11:18:19,54800.0,13.8,S
2021-06-23T11:18:19,6100.0,13.8,S
2021-06-23T11:18:19,7500.0,13.8,S
2021-06-23T11:18:19,200.0,13.8,S
2021-06-23T11:18:18,198800.0,13.8,S
2021-06-23T11:18:18,5500.0,13.8,S
2021-06-23T11:18:18,6500.0,13.8,S
2021-06-23T11:18:18,100.0,13.8,S
2021-06-23T11:18:18,5400.0,13.8,S
2021-06-23T11:18:18,19300.0,13.8,S
2021-06-23T11:18:18,1700.0,13.8,S
2021-06-23T11:18:18,13000.0,13.8,S
2021-06-23T11:18:18,96800.0,13.8,S
2021-06-23T11:18:18,3100.0,13.8,S
2021-06-23T11:18:18,500.0,13.8,S
2021-06-23T11:18:18,16300.0,13.8,S
2021-06-23T11:18:18,15100.0,13.85,S
2021-06-23T11:18:17,3000.0,13.85,S
2021-06-23T11:18:17,400.0,13.85,S
2021-06-23T11:18:17,500.0,13.85,S
2021-06-23T11:18:17,4200.0,13.85,S
2021-06-23T11:18:17,7500.0,13.9,B
2021-06-23T11:18:17,300.0,13.9,B
2021-06-23T11:18:04,200.0,13.95,B
2021-06-23T11:18:04,300.0,13.95,B
2021-06-23T11:18:01,4900.0,13.95,B
2021-06-23T11:17:57,5100.0,13.9,B
2021-06-23T11:17:55,100.0,13.9,B
2021-06-23T11:17:54,1000.0,13.9,B
2021-06-23T11:17:50,500.0,13.9,B
2021-06-23T11:17:45,2300.0,13.95,S
2021-06-23T11:17:42,100.0,13.9,S
2021-06-23T11:17:41,103300.0,13.8,S
2021-06-23T11:17:41,5000.0,13.8,S
2021-06-23T11:17:41,700.0,13.8,S
2021-06-23T11:17:41,200.0,13.8,S
2021-06-23T11:17:41,2000.0,13.8,S
2021-06-23T11:17:41,200.0,13.8,S
2021-06-23T11:17:41,20100.0,13.8,S
2021-06-23T11:17:41,13100.0,13.8,S
2021-06-23T11:17:41,19100.0,13.8,S
2021-06-23T11:17:41,400.0,13.8,S
2021-06-23T11:17:41,106700.0,13.8,S
2021-06-23T11:17:41,14000.0,13.8,S
2021-06-23T11:17:41,200.0,13.8,S
2021-06-23T11:17:40,400.0,13.8,S
2021-06-23T11:17:40,1500.0,13.8,S
2021-06-23T11:17:40,13000.0,13.8,S
2021-06-23T11:17:40,76100.0,13.8,S
2021-06-23T11:17:40,102600.0,13.8,S
2021-06-23T11:17:40,3700.0,13.8,S
2021-06-23T11:17:40,300.0,13.8,S
2021-06-23T11:17:40,300.0,13.8,S
2021-06-23T11:17:40,17100.0,13.8,S
2021-06-23T11:17:32,700.0,13.9,S
2021-06-23T11:17:31,1500.0,13.9,S
2021-06-23T11:17:31,16000.0,13.8,S
2021-06-23T11:17:31,400.0,13.8,S
2021-06-23T11:17:30,10000.0,13.8,S
2021-06-23T11:17:30,2000.0,13.8,S
2021-06-23T11:17:30,1200.0,13.8,S
2021-06-23T11:17:30,11000.0,13.8,S
2021-06-23T11:17:30,500.0,13.8,S
2021-06-23T11:17:30,200.0,13.8,S
2021-06-23T11:17:30,300.0,13.8,S
2021-06-23T11:17:30,1700.0,13.8,S
2021-06-23T11:17:30,1000.0,13.8,S
2021-06-23T11:17:30,5700.0,13.8,S
2021-06-23T11:17:28,800.0,13.9,S
2021-06-23T11:17:26,1000.0,13.9,S
2021-06-23T11:17:26,100.0,13.9,S
2021-06-23T11:17:23,2000.0,13.9,S
2021-06-23T11:17:22,300.0,13.9,S
2021-06-23T11:17:20,100.0,13.9,S
2021-06-23T11:17:18,1400.0,13.9,S
2021-06-23T11:17:12,100.0,13.95,S
2021-06-23T11:17:06,200.0,13.95,S
2021-06-23T11:17:06,3500.0,13.95,S
2021-06-23T11:17:05,1000.0,13.95,S
2021-06-23T11:17:01,800.0,13.8,S
2021-06-23T11:17:01,18100.0,13.8,S
2021-06-23T11:17:01,9600.0,13.8,S
2021-06-23T11:17:01,500.0,13.8,S
2021-06-23T11:17:01,100.0,13.8,S
2021-06-23T11:17:01,6600.0,13.8,S
2021-06-23T11:17:01,21000.0,13.8,S
2021-06-23T11:17:01,10400.0,13.8,S
2021-06-23T11:17:01,13300.0,13.8,S
2021-06-23T11:17:01,3000.0,13.8,S
2021-06-23T11:17:01,4100.0,13.8,S
2021-06-23T11:17:01,6200.0,13.8,S
2021-06-23T11:17:01,17600.0,13.8,S
2021-06-23T11:17:01,100.0,13.8,S
2021-06-23T11:17:01,6300.0,13.8,S
2021-06-23T11:17:01,4500.0,13.8,S
2021-06-23T11:17:01,5400.0,13.8,S
2021-06-23T11:17:01,5700.0,13.8,S
2021-06-23T11:17:01,300.0,13.85,S
2021-06-23T11:17:01,7100.0,13.85,S
2021-06-23T11:17:01,1700.0,13.85,S
2021-06-23T11:17:01,2500.0,13.85,S
2021-06-23T11:17:01,1400.0,13.85,S
2021-06-23T11:17:01,500.0,13.85,S
2021-06-23T11:17:01,300.0,13.85,S
2021-06-23T11:17:01,5500.0,13.85,S
2021-06-23T11:17:01,6600.0,13.85,S
2021-06-23T11:17:01,400.0,13.85,S
2021-06-23T11:17:01,3600.0,13.85,S
2021-06-23T11:17:01,68600.0,13.85,S
2021-06-23T11:17:01,1900.0,13.85,S
2021-06-23T11:17:01,7100.0,13.85,S
2021-06-23T11:17:01,3000.0,13.85,S
2021-06-23T11:17:01,2700.0,13.85,S
2021-06-23T11:17:01,3600.0,13.85,S
2021-06-23T11:16:59,1600.0,13.85,S
2021-06-23T11:16:59,10100.0,13.85,S
2021-06-23T11:16:59,4000.0,13.85,S
2021-06-23T11:16:59,2100.0,13.85,S
2021-06-23T11:16:59,1800.0,13.85,S
2021-06-23T11:16:59,7200.0,13.85,S
2021-06-23T11:16:59,400.0,13.85,S
2021-06-23T11:16:59,20500.0,13.85,S
2021-06-23T11:16:59,2800.0,13.85,S
2021-06-23T11:16:59,10300.0,13.85,S
2021-06-23T11:16:59,1000.0,13.85,S
2021-06-23T11:16:59,4600.0,13.85,S
2021-06-23T11:16:59,500.0,13.85,S
2021-06-23T11:16:59,21800.0,13.85,S
2021-06-23T11:16:59,1000.0,13.85,S
2021-06-23T11:16:59,2000.0,13.85,S
2021-06-23T11:16:59,11000.0,13.85,S
2021-06-23T11:16:59,5100.0,13.85,S
2021-06-23T11:16:59,40500.0,13.85,S
2021-06-23T11:16:59,1700.0,13.85,S
2021-06-23T11:16:59,11000.0,13.85,S
2021-06-23T11:16:59,1400.0,13.9,S
2021-06-23T11:16:59,6700.0,13.9,S
2021-06-23T11:16:59,600.0,13.9,S
2021-06-23T11:16:59,3000.0,13.9,S
2021-06-23T11:16:59,2700.0,13.9,S
2021-06-23T11:16:59,5800.0,13.9,S
2021-06-23T11:16:59,1100.0,13.9,S
2021-06-23T11:16:59,900.0,13.9,S
2021-06-23T11:16:59,9300.0,13.9,S
2021-06-23T11:16:59,400.0,13.9,S
2021-06-23T11:16:58,3700.0,13.9,S
2021-06-23T11:16:58,6100.0,13.9,S
2021-06-23T11:16:58,1200.0,13.9,S
2021-06-23T11:16:58,4100.0,13.9,S
2021-06-23T11:16:58,2400.0,13.9,S
2021-06-23T11:16:58,3200.0,13.9,S
2021-06-23T11:16:58,4100.0,13.9,S
2021-06-23T11:16:58,400.0,13.9,S
2021-06-23T11:16:58,7500.0,13.9,S
2021-06-23T11:16:58,7800.0,13.9,S
2021-06-23T11:16:58,100.0,13.9,S
2021-06-23T11:16:58,4900.0,13.9,S
2021-06-23T11:16:58,1400.0,13.9,S
2021-06-23T11:16:58,10100.0,13.9,S
2021-06-23T11:16:54,10000.0,13.9,S
2021-06-23T11:16:52,10000.0,13.95,S
2021-06-23T11:16:49,300.0,13.95,S
2021-06-23T11:16:48,100.0,13.95,S
2021-06-23T11:16:45,1000.0,13.95,S
2021-06-23T11:16:43,2000.0,13.95,S
2021-06-23T11:16:35,200.0,13.9,S
2021-06-23T11:16:29,42000.0,13.95,S
2021-06-23T11:16:28,3400.0,13.95,S
2021-06-23T11:16:28,1800.0,13.95,S
2021-06-23T11:16:25,1000.0,13.95,S
2021-06-23T11:16:20,100.0,13.95,S
2021-06-23T11:16:20,2000.0,13.9,S
2021-06-23T11:16:18,100.0,13.95,S
2021-06-23T11:16:14,200.0,13.95,S
2021-06-23T11:16:13,6400.0,13.95,S
2021-06-23T11:16:12,300.0,13.95,S
2021-06-23T11:16:11,300.0,13.95,S
2021-06-23T11:16:06,100.0,13.95,S
2021-06-23T11:16:04,1000.0,13.95,S
2021-06-23T11:15:45,200.0,13.95,S
2021-06-23T11:15:44,100.0,13.95,S
2021-06-23T11:15:37,200.0,13.95,S
2021-06-23T11:15:36,1100.0,13.95,S
2021-06-23T11:15:32,2600.0,13.95,S
2021-06-23T11:15:30,500.0,13.95,S
2021-06-23T11:15:30,800.0,13.95,S
2021-06-23T11:15:21,2400.0,13.95,S
2021-06-23T11:15:18,1000.0,13.95,S
2021-06-23T11:15:17,100.0,13.95,S
2021-06-23T11:15:15,100.0,13.95,S
2021-06-23T11:15:13,1000.0,13.95,S
2021-06-23T11:15:10,500.0,13.95,S
2021-06-23T11:15:09,4000.0,13.95,S
2021-06-23T11:15:02,1000.0,13.95,S
2021-06-23T11:14:54,500.0,13.95,S
2021-06-23T11:14:53,3600.0,13.95,S
2021-06-23T11:14:49,100.0,13.95,S
2021-06-23T11:14:48,1000.0,13.95,S
2021-06-23T11:14:46,2000.0,13.95,S
2021-06-23T11:14:33,1000.0,13.95,S
2021-06-23T11:14:26,5000.0,13.95,S
2021-06-23T11:14:21,100.0,13.95,S
2021-06-23T11:14:10,500.0,13.95,S
2021-06-23T11:14:06,200.0,13.95,S
2021-06-23T11:13:44,100.0,13.95,S
2021-06-23T11:13:43,100.0,13.95,S
2021-06-23T11:13:42,1000.0,13.95,S
2021-06-23T11:13:41,100.0,13.9,S
2021-06-23T11:13:32,500.0,13.95,S
2021-06-23T11:13:23,4000.0,13.9,S
2021-06-23T11:13:20,2000.0,13.95,S
2021-06-23T11:13:14,100.0,13.95,S
2021-06-23T11:13:09,100.0,13.95,S
2021-06-23T11:13:09,5000.0,13.9,S
2021-06-23T11:12:48,1000.0,13.9,S
2021-06-23T11:12:48,5000.0,13.95,S
2021-06-23T11:12:48,300.0,13.95,S
2021-06-23T11:12:45,1100.0,13.95,S
2021-06-23T11:12:44,100.0,13.95,S
2021-06-23T11:12:38,10000.0,13.9,S
2021-06-23T11:12:38,100.0,13.95,S
2021-06-23T11:12:38,4000.0,14.0,B
2021-06-23T11:12:37,1200.0,13.95,S
2021-06-23T11:12:35,5000.0,13.95,S
2021-06-23T11:12:33,200.0,13.95,S
2021-06-23T11:12:32,1000.0,14.0,B
2021-06-23T11:12:28,600.0,13.9,S
2021-06-23T11:12:28,200.0,13.9,S
2021-06-23T11:12:28,600.0,13.9,S
2021-06-23T11:12:28,17200.0,13.9,S
2021-06-23T11:12:28,5300.0,13.9,S
2021-06-23T11:12:28,1000.0,13.9,S
2021-06-23T11:12:28,44100.0,13.9,S
2021-06-23T11:12:28,25000.0,13.9,S
2021-06-23T11:12:28,3900.0,13.9,S
2021-06-23T11:12:27,100.0,13.9,S
2021-06-23T11:12:26,2200.0,13.9,S
2021-06-23T11:12:26,1400.0,13.9,S
2021-06-23T11:12:26,3800.0,13.9,S
2021-06-23T11:12:26,1200.0,13.9,S
2021-06-23T11:12:26,1400.0,13.9,S
2021-06-23T11:12:26,1200.0,13.9,S
2021-06-23T11:12:26,12400.0,13.9,S
2021-06-23T11:12:26,2000.0,13.9,S
2021-06-23T11:12:25,5000.0,13.9,S
2021-06-23T11:12:25,25000.0,13.9,S
2021-06-23T11:12:25,10000.0,13.9,S
2021-06-23T11:12:25,3300.0,13.9,S
2021-06-23T11:12:25,600.0,13.9,S
2021-06-23T11:12:25,6800.0,13.9,S
2021-06-23T11:12:25,300.0,13.9,S
2021-06-23T11:12:25,100.0,13.9,S
2021-06-23T11:12:25,3600.0,13.9,S
2021-06-23T11:12:25,900.0,13.9,S
2021-06-23T11:12:25,600.0,13.9,S
2021-06-23T11:12:25,300.0,13.9,S
2021-06-23T11:12:25,10300.0,13.9,S
2021-06-23T11:12:25,3400.0,13.9,S
2021-06-23T11:12:25,12900.0,13.9,S
2021-06-23T11:12:25,1500.0,13.9,S
2021-06-23T11:12:25,1400.0,13.9,S
2021-06-23T11:12:25,3300.0,13.9,S
2021-06-23T11:12:25,1000.0,13.9,S
2021-06-23T11:12:25,6500.0,13.9,S
2021-06-23T11:12:25,1000.0,13.9,S
2021-06-23T11:12:25,1100.0,13.9,S
2021-06-23T11:12:25,1400.0,13.9,S
2021-06-23T11:12:25,85100.0,13.9,S
2021-06-23T11:12:25,11300.0,13.9,S
2021-06-23T11:12:25,5300.0,13.9,S
2021-06-23T11:12:25,300.0,13.9,S
2021-06-23T11:12:25,6300.0,13.9,S
2021-06-23T11:12:25,17300.0,13.9,S
2021-06-23T11:12:25,200.0,13.9,S
2021-06-23T11:12:25,5800.0,13.9,S
2021-06-23T11:12:25,500.0,13.9,S
2021-06-23T11:12:24,1000.0,13.9,S
2021-06-23T11:12:24,200.0,13.9,S
2021-06-23T11:12:24,3000.0,13.9,S
2021-06-23T11:12:24,600.0,13.9,S
2021-06-23T11:12:24,4000.0,13.9,S
2021-06-23T11:12:24,8600.0,13.9,S
2021-06-23T11:12:24,200.0,13.9,S
2021-06-23T11:12:24,300.0,13.9,S
2021-06-23T11:12:24,5100.0,13.9,S
2021-06-23T11:12:24,4800.0,13.9,S
