tradingTime,volume,price,side
2021-06-23T14:20:40,13000.0,10.5,B
2021-06-23T14:20:31,2000.0,10.5,B
2021-06-23T14:18:19,1500.0,10.5,B
2021-06-23T14:17:49,500.0,10.5,B
2021-06-23T14:17:01,5000.0,10.5,B
2021-06-23T14:15:41,4600.0,10.5,B
2021-06-23T14:15:30,900.0,10.4,S
2021-06-23T14:15:14,100.0,10.4,S
2021-06-23T14:14:22,3000.0,10.4,S
2021-06-23T14:13:52,300.0,10.4,S
2021-06-23T14:13:49,11000.0,10.5,B
2021-06-23T14:13:06,1000.0,10.5,B
2021-06-23T14:12:05,1100.0,10.4,S
2021-06-23T14:04:45,18400.0,10.4,S
2021-06-23T14:04:16,2000.0,10.4,S
2021-06-23T14:03:56,2500.0,10.4,S
2021-06-23T14:03:48,5000.0,10.4,S
2021-06-23T14:03:44,500.0,10.4,S
2021-06-23T14:02:19,5000.0,10.4,S
2021-06-23T14:01:51,1200.0,10.4,S
2021-06-23T14:01:20,2200.0,10.5,S
2021-06-23T14:00:51,100.0,10.5,S
2021-06-23T14:00:46,4000.0,10.5,S
2021-06-23T14:00:09,100.0,10.5,S
2021-06-23T13:59:23,800.0,10.5,S
2021-06-23T13:59:06,1400.0,10.5,S
2021-06-23T13:58:17,5000.0,10.5,S
2021-06-23T13:57:26,14400.0,10.5,S
2021-06-23T13:56:57,31600.0,10.5,S
2021-06-23T13:56:28,1600.0,10.5,S
2021-06-23T13:49:19,3500.0,10.5,B
2021-06-23T13:49:18,800.0,10.5,B
2021-06-23T13:48:44,100.0,10.5,B
2021-06-23T13:48:44,2500.0,10.5,B
2021-06-23T13:48:26,2600.0,10.5,B
2021-06-23T13:48:13,1000.0,10.4,S
2021-06-23T13:48:06,100.0,10.5,B
2021-06-23T13:47:52,7300.0,10.5,B
2021-06-23T13:46:29,900.0,10.5,S
2021-06-23T13:44:30,3000.0,10.5,S
2021-06-23T13:43:42,200.0,10.5,S
2021-06-23T13:42:49,500.0,10.5,S
2021-06-23T13:42:24,3000.0,10.5,S
2021-06-23T13:41:32,1300.0,10.5,S
2021-06-23T13:40:47,8700.0,10.5,B
2021-06-23T13:40:09,900.0,10.5,S
2021-06-23T13:39:57,1000.0,10.5,S
2021-06-23T13:35:33,500.0,10.5,S
2021-06-23T13:35:21,2600.0,10.5,B
2021-06-23T13:35:11,6400.0,10.5,B
2021-06-23T13:34:51,4000.0,10.5,B
2021-06-23T13:34:44,9000.0,10.5,B
2021-06-23T13:34:38,3700.0,10.5,B
2021-06-23T13:34:30,500.0,10.5,B
2021-06-23T13:34:24,800.0,10.5,B
2021-06-23T13:33:37,1500.0,10.5,B
2021-06-23T13:32:35,10000.0,10.4,S
2021-06-23T13:31:32,2000.0,10.5,B
2021-06-23T13:31:28,500.0,10.5,B
2021-06-23T13:30:54,2200.0,10.5,S
2021-06-23T13:30:15,2800.0,10.5,B
2021-06-23T13:30:04,200.0,10.5,S
2021-06-23T13:30:03,300.0,10.5,B
2021-06-23T13:29:44,1000.0,10.5,B
2021-06-23T13:29:36,1500.0,10.4,S
2021-06-23T13:28:49,100.0,10.5,B
2021-06-23T13:28:31,700.0,10.5,S
2021-06-23T13:28:27,4300.0,10.5,B
2021-06-23T13:28:07,2000.0,10.5,B
2021-06-23T13:27:24,100.0,10.5,B
2021-06-23T13:27:20,1100.0,10.5,B
2021-06-23T13:27:07,500.0,10.5,B
2021-06-23T13:26:55,200.0,10.5,B
2021-06-23T13:26:42,3000.0,10.5,B
2021-06-23T13:25:43,200.0,10.5,B
2021-06-23T13:24:18,1000.0,10.5,B
2021-06-23T13:24:11,500.0,10.4,S
2021-06-23T13:23:52,5000.0,10.5,B
2021-06-23T13:23:18,100.0,10.5,B
2021-06-23T13:22:03,200.0,10.5,B
2021-06-23T13:21:49,1000.0,10.5,B
2021-06-23T13:20:23,600.0,10.5,B
2021-06-23T13:18:18,500.0,10.5,S
2021-06-23T13:16:36,7000.0,10.5,S
2021-06-23T13:14:31,4000.0,10.5,S
2021-06-23T13:13:20,100.0,10.6,B
2021-06-23T13:12:13,100.0,10.6,B
2021-06-23T13:11:32,200.0,10.6,B
2021-06-23T13:10:45,3000.0,10.5,S
2021-06-23T13:10:19,100.0,10.5,S
2021-06-23T13:08:44,400.0,10.5,S
2021-06-23T13:07:38,200.0,10.5,S
2021-06-23T13:07:13,2800.0,10.5,S
2021-06-23T13:06:46,1200.0,10.5,S
2021-06-23T13:06:41,200.0,10.5,B
2021-06-23T13:06:28,200.0,10.5,S
2021-06-23T13:06:04,100.0,10.5,S
2021-06-23T13:04:57,1100.0,10.5,S
2021-06-23T13:03:54,900.0,10.5,S
2021-06-23T13:03:30,700.0,10.5,S
2021-06-23T13:02:58,400.0,10.5,S
2021-06-23T13:02:42,600.0,10.5,B
2021-06-23T13:02:18,5000.0,10.5,S
2021-06-23T13:01:57,1000.0,10.5,S
2021-06-23T13:01:55,5000.0,10.5,S
2021-06-23T13:00:17,2000.0,10.5,S
2021-06-23T13:00:16,5500.0,10.5,S
2021-06-23T11:29:59,1500.0,10.5,S
2021-06-23T11:29:15,2000.0,10.5,S
2021-06-23T11:27:57,500.0,10.5,S
2021-06-23T11:27:36,1000.0,10.5,S
2021-06-23T11:27:35,300.0,10.5,S
2021-06-23T11:27:29,8000.0,10.5,S
2021-06-23T11:27:26,1000.0,10.5,S
2021-06-23T11:27:12,3000.0,10.5,S
2021-06-23T11:26:27,1000.0,10.5,S
2021-06-23T11:25:51,200.0,10.5,S
2021-06-23T11:25:26,2000.0,10.5,S
2021-06-23T11:25:09,200.0,10.6,B
2021-06-23T11:24:27,1000.0,10.6,B
2021-06-23T11:24:14,1000.0,10.5,S
2021-06-23T11:23:32,1000.0,10.6,B
2021-06-23T11:23:21,500.0,10.5,S
2021-06-23T11:23:18,1000.0,10.5,S
2021-06-23T11:23:09,1000.0,10.5,S
2021-06-23T11:22:43,500.0,10.5,S
2021-06-23T11:22:27,2800.0,10.6,B
2021-06-23T11:20:53,500.0,10.6,B
2021-06-23T11:20:38,1000.0,10.6,B
2021-06-23T11:20:37,200.0,10.6,B
2021-06-23T11:20:29,5000.0,10.6,B
2021-06-23T11:20:24,2000.0,10.5,S
2021-06-23T11:20:02,1000.0,10.5,S
2021-06-23T11:19:37,19400.0,10.5,S
2021-06-23T11:19:33,100.0,10.6,B
2021-06-23T11:18:53,100.0,10.6,B
2021-06-23T11:18:45,7800.0,10.5,S
2021-06-23T11:18:30,100.0,10.5,S
2021-06-23T11:18:05,5000.0,10.5,S
2021-06-23T11:17:26,1100.0,10.5,S
2021-06-23T11:17:24,10000.0,10.5,S
2021-06-23T11:16:43,1000.0,10.5,S
2021-06-23T11:16:31,5000.0,10.5,S
2021-06-23T11:16:05,200.0,10.6,B
2021-06-23T11:15:56,500.0,10.6,B
2021-06-23T11:15:28,1000.0,10.5,S
2021-06-23T11:15:18,500.0,10.5,S
2021-06-23T11:14:38,3000.0,10.5,S
2021-06-23T11:14:33,1400.0,10.5,S
2021-06-23T11:13:58,4000.0,10.5,S
2021-06-23T11:13:18,2000.0,10.5,S
2021-06-23T11:12:58,400.0,10.5,S
2021-06-23T11:12:56,1000.0,10.5,S
2021-06-23T11:12:26,500.0,10.5,S
2021-06-23T11:11:49,1900.0,10.5,S
2021-06-23T11:10:30,7900.0,10.5,S
2021-06-23T11:09:49,1000.0,10.5,S
2021-06-23T11:09:41,200.0,10.6,B
2021-06-23T11:09:20,100.0,10.6,B
2021-06-23T11:08:58,100.0,10.6,B
2021-06-23T11:08:52,1200.0,10.5,S
2021-06-23T11:08:19,20000.0,10.6,B
2021-06-23T11:07:25,1000.0,10.6,B
2021-06-23T11:05:32,3000.0,10.6,B
2021-06-23T11:04:59,2200.0,10.6,S
2021-06-23T11:04:48,1000.0,10.6,S
2021-06-23T11:04:42,2600.0,10.6,S
2021-06-23T11:04:42,200.0,10.6,S
2021-06-23T11:04:25,2000.0,10.6,S
2021-06-23T11:04:03,500.0,10.6,S
2021-06-23T11:04:00,200.0,10.6,S
2021-06-23T11:03:16,1000.0,10.6,S
2021-06-23T11:02:59,10000.0,10.6,S
2021-06-23T11:02:30,3000.0,10.6,S
2021-06-23T11:01:45,1000.0,10.6,S
2021-06-23T11:01:13,100.0,10.6,S
2021-06-23T10:58:05,200.0,10.7,B
2021-06-23T10:57:51,2000.0,10.6,S
2021-06-23T10:56:40,500.0,10.6,S
2021-06-23T10:56:19,1000.0,10.6,S
2021-06-23T10:56:01,2100.0,10.6,S
2021-06-23T10:55:04,2000.0,10.6,S
2021-06-23T10:54:48,50000.0,10.6,S
2021-06-23T10:54:44,200.0,10.6,S
2021-06-23T10:53:46,200.0,10.7,B
2021-06-23T10:49:32,2000.0,10.7,B
2021-06-23T10:47:40,500.0,10.7,B
2021-06-23T10:47:27,300.0,10.6,S
2021-06-23T10:45:38,1000.0,10.6,S
2021-06-23T10:43:34,100.0,10.6,S
2021-06-23T10:43:00,200.0,10.6,S
2021-06-23T10:37:13,3400.0,10.6,S
2021-06-23T10:36:20,5000.0,10.7,B
2021-06-23T10:35:45,5000.0,10.7,B
2021-06-23T10:30:37,300.0,10.6,S
2021-06-23T10:30:28,1000.0,10.6,S
2021-06-23T10:30:27,900.0,10.7,B
2021-06-23T10:30:23,600.0,10.7,B
2021-06-23T10:29:25,2900.0,10.7,S
2021-06-23T10:29:24,2000.0,10.7,S
2021-06-23T10:29:23,1400.0,10.7,S
2021-06-23T10:28:40,5000.0,10.7,S
2021-06-23T10:27:35,100.0,10.7,S
2021-06-23T10:26:39,1000.0,10.7,S
2021-06-23T10:26:30,200.0,10.7,S
2021-06-23T10:25:51,2000.0,10.7,S
2021-06-23T10:25:22,4900.0,10.7,B
2021-06-23T10:25:19,100.0,10.7,S
2021-06-23T10:24:59,500.0,10.7,S
2021-06-23T10:24:45,3400.0,10.7,S
2021-06-23T10:24:12,2100.0,10.7,S
2021-06-23T10:23:53,2900.0,10.7,S
2021-06-23T10:23:13,200.0,10.7,B
2021-06-23T10:22:45,5000.0,10.7,B
2021-06-23T10:22:35,400.0,10.7,B
2021-06-23T10:21:37,1000.0,10.7,B
2021-06-23T10:21:30,300.0,10.6,S
2021-06-23T10:21:15,1000.0,10.7,B
2021-06-23T10:20:20,10000.0,10.7,B
2021-06-23T10:19:25,800.0,10.7,B
2021-06-23T10:16:59,500.0,10.6,S
2021-06-23T10:16:37,500.0,10.6,B
2021-06-23T10:16:33,4500.0,10.6,B
2021-06-23T10:16:03,700.0,10.6,S
2021-06-23T10:15:47,1000.0,10.6,S
2021-06-23T10:14:57,7300.0,10.6,B
2021-06-23T10:14:53,3500.0,10.6,B
2021-06-23T10:14:34,1000.0,10.6,B
2021-06-23T10:14:28,2000.0,10.6,B
2021-06-23T10:14:04,20000.0,10.6,B
2021-06-23T10:13:59,5000.0,10.5,S
2021-06-23T10:13:54,1000.0,10.6,B
2021-06-23T10:13:53,500.0,10.6,B
2021-06-23T10:13:19,1000.0,10.5,S
2021-06-23T10:12:05,100.0,10.6,B
2021-06-23T10:11:38,1800.0,10.6,B
2021-06-23T10:11:24,5000.0,10.5,S
2021-06-23T10:11:06,1500.0,10.5,S
2021-06-23T10:09:51,5000.0,10.5,S
2021-06-23T10:09:24,1000.0,10.5,S
2021-06-23T10:09:19,2000.0,10.5,S
2021-06-23T10:09:14,200.0,10.5,S
2021-06-23T10:09:07,2000.0,10.5,S
2021-06-23T10:09:03,3000.0,10.5,S
2021-06-23T10:08:53,1300.0,10.5,S
2021-06-23T10:08:49,500.0,10.5,S
2021-06-23T10:08:12,100.0,10.5,S
2021-06-23T10:07:59,300.0,10.6,B
2021-06-23T10:07:55,200.0,10.6,B
2021-06-23T10:07:54,600.0,10.6,B
2021-06-23T10:07:26,200.0,10.6,B
2021-06-23T10:07:25,50400.0,10.5,S
2021-06-23T10:07:18,4400.0,10.5,S
2021-06-23T10:07:18,100.0,10.6,B
2021-06-23T10:07:16,1500.0,10.5,S
2021-06-23T10:06:55,10000.0,10.5,S
2021-06-23T10:06:53,500.0,10.6,B
2021-06-23T10:06:51,11100.0,10.6,B
2021-06-23T10:06:47,1700.0,10.6,S
2021-06-23T10:06:44,10000.0,10.6,S
2021-06-23T10:06:32,10000.0,10.6,S
2021-06-23T10:06:19,8300.0,10.6,S
2021-06-23T10:05:37,5000.0,10.6,S
2021-06-23T10:05:15,1000.0,10.6,S
2021-06-23T10:04:55,5000.0,10.6,S
2021-06-23T10:04:27,5000.0,10.6,S
2021-06-23T10:02:58,2000.0,10.6,S
2021-06-23T10:02:35,500.0,10.7,B
2021-06-23T10:02:03,2000.0,10.7,B
2021-06-23T10:01:27,700.0,10.7,B
2021-06-23T10:00:50,100.0,10.7,B
2021-06-23T09:58:05,400.0,10.7,B
2021-06-23T09:57:50,200.0,10.6,S
2021-06-23T09:57:20,200.0,10.6,S
2021-06-23T09:57:03,4000.0,10.6,S
2021-06-23T09:56:38,1000.0,10.6,S
2021-06-23T09:55:47,3000.0,10.7,B
2021-06-23T09:55:40,100.0,10.7,B
2021-06-23T09:55:27,700.0,10.7,B
2021-06-23T09:55:13,10000.0,10.7,B
2021-06-23T09:55:03,1000.0,10.7,B
2021-06-23T09:54:46,100.0,10.7,B
2021-06-23T09:53:57,200.0,10.7,B
2021-06-23T09:53:51,500.0,10.7,B
2021-06-23T09:51:27,5600.0,10.7,B
2021-06-23T09:50:41,1000.0,10.7,S
2021-06-23T09:50:36,2500.0,10.7,S
2021-06-23T09:49:52,3300.0,10.7,B
2021-06-23T09:49:38,1200.0,10.7,B
2021-06-23T09:49:31,100.0,10.7,B
2021-06-23T09:48:33,1000.0,10.7,B
2021-06-23T09:48:26,200.0,10.7,B
2021-06-23T09:48:18,300.0,10.7,B
2021-06-23T09:48:16,300.0,10.7,B
2021-06-23T09:46:36,200.0,10.7,B
2021-06-23T09:46:12,10000.0,10.7,B
2021-06-23T09:45:55,1700.0,10.7,B
2021-06-23T09:45:13,1900.0,10.7,S
2021-06-23T09:45:06,5700.0,10.8,B
2021-06-23T09:45:05,5600.0,10.7,S
2021-06-23T09:42:54,1000.0,10.8,B
2021-06-23T09:42:41,4000.0,10.7,B
2021-06-23T09:42:24,1300.0,10.7,B
2021-06-23T09:41:33,5100.0,10.7,S
2021-06-23T09:41:01,100.0,10.8,B
2021-06-23T09:40:35,2800.0,10.7,S
2021-06-23T09:40:15,3000.0,10.7,S
2021-06-23T09:40:00,100.0,10.8,B
2021-06-23T09:38:36,2500.0,10.8,B
2021-06-23T09:38:10,5100.0,10.7,S
2021-06-23T09:37:41,900.0,10.7,S
2021-06-23T09:37:37,7000.0,10.7,S
2021-06-23T09:37:26,200.0,10.7,S
2021-06-23T09:37:11,100.0,10.7,S
2021-06-23T09:36:49,2000.0,10.8,B
2021-06-23T09:36:45,200.0,10.7,S
2021-06-23T09:36:44,1000.0,10.7,S
2021-06-23T09:36:04,3300.0,10.7,S
2021-06-23T09:35:49,2000.0,10.7,S
2021-06-23T09:35:39,12000.0,10.7,S
2021-06-23T09:35:15,100.0,10.7,S
2021-06-23T09:35:04,7000.0,10.7,S
2021-06-23T09:33:45,200.0,10.7,S
2021-06-23T09:33:38,100.0,10.7,S
2021-06-23T09:33:29,1000.0,10.7,S
2021-06-23T09:33:19,200.0,10.7,S
2021-06-23T09:33:17,500.0,10.7,S
2021-06-23T09:32:55,1000.0,10.7,S
2021-06-23T09:31:22,100.0,10.7,S
2021-06-23T09:31:20,1000.0,10.7,S
2021-06-23T09:30:09,100.0,10.7,S
2021-06-23T09:30:02,5000.0,10.7,S
2021-06-23T09:29:16,500.0,10.7,S
2021-06-23T09:28:56,600.0,10.7,S
2021-06-23T09:28:30,1000.0,10.7,S
2021-06-23T09:28:03,300.0,10.8,B
2021-06-23T09:28:00,300.0,10.8,B
2021-06-23T09:27:42,1000.0,10.8,B
2021-06-23T09:27:24,2000.0,10.7,S
2021-06-23T09:27:02,1000.0,10.8,S
2021-06-23T09:26:16,200.0,10.8,S
2021-06-23T09:26:10,500.0,10.8,S
2021-06-23T09:26:05,1000.0,10.8,S
2021-06-23T09:26:00,5000.0,10.8,S
2021-06-23T09:25:29,500.0,10.8,S
2021-06-23T09:25:07,1200.0,10.8,S
2021-06-23T09:25:02,1000.0,10.8,S
2021-06-23T09:24:56,100.0,10.8,S
2021-06-23T09:24:45,100.0,10.8,S
2021-06-23T09:24:26,300.0,10.8,S
2021-06-23T09:24:10,2000.0,10.8,S
2021-06-23T09:23:36,500.0,10.8,S
2021-06-23T09:23:34,900.0,10.8,S
2021-06-23T09:23:33,100.0,10.8,S
2021-06-23T09:23:12,2000.0,10.8,S
2021-06-23T09:22:10,100.0,10.8,S
2021-06-23T09:21:03,2000.0,10.8,S
2021-06-23T09:20:55,100.0,10.8,S
2021-06-23T09:20:01,1300.0,10.8,S
2021-06-23T09:19:45,100.0,10.9,B
2021-06-23T09:19:35,100.0,10.8,S
2021-06-23T09:19:27,300.0,10.8,S
2021-06-23T09:19:00,2900.0,10.8,B
2021-06-23T09:18:44,100.0,10.8,B
2021-06-23T09:18:30,300.0,10.8,B
2021-06-23T09:18:20,100.0,10.8,B
2021-06-23T09:18:07,200.0,10.8,B
2021-06-23T09:18:07,500.0,10.8,B
2021-06-23T09:17:55,900.0,10.8,B
2021-06-23T09:16:42,7000.0,10.8,B
2021-06-23T09:16:15,200.0,10.8,B
2021-06-23T09:16:02,500.0,10.7,S
2021-06-23T09:16:01,500.0,10.7,B
2021-06-23T09:15:58,7000.0,10.7,B
2021-06-23T09:15:54,5000.0,10.7,B
2021-06-23T09:15:50,1700.0,10.7,B
2021-06-23T09:15:12,400.0,10.7,B
2021-06-23T09:14:56,1600.0,10.7,S
2021-06-23T09:14:33,2000.0,10.7,S
2021-06-23T09:14:20,1000.0,10.7,S
2021-06-23T09:13:22,5000.0,10.7,S
2021-06-23T09:12:40,500.0,10.7,S
2021-06-23T09:12:21,100.0,10.7,S
2021-06-23T09:11:25,300.0,10.7,S
2021-06-23T09:10:45,400.0,10.7,S
2021-06-23T09:09:59,1000.0,10.7,B
2021-06-23T09:09:34,2000.0,10.7,B
2021-06-23T09:09:21,300.0,10.7,B
2021-06-23T09:09:07,500.0,10.7,B
2021-06-23T09:08:30,300.0,10.7,B
2021-06-23T09:08:30,200.0,10.7,B
2021-06-23T09:08:21,100.0,10.7,B
2021-06-23T09:08:11,2000.0,10.7,B
2021-06-23T09:07:49,5000.0,10.7,B
2021-06-23T09:07:35,100.0,10.7,B
2021-06-23T09:07:27,500.0,10.7,B
2021-06-23T09:07:16,3000.0,10.7,B
2021-06-23T09:07:04,10000.0,10.5,S
2021-06-23T09:06:42,100.0,10.7,B
2021-06-23T09:06:16,1300.0,10.7,S
2021-06-23T09:05:57,100.0,10.7,B
2021-06-23T09:05:56,1900.0,10.7,S
2021-06-23T09:05:34,2000.0,10.7,S
2021-06-23T09:05:17,2000.0,10.7,S
2021-06-23T09:03:56,2500.0,10.7,S
2021-06-23T09:03:55,400.0,10.8,S
2021-06-23T09:02:51,100.0,10.9,B
2021-06-23T09:02:21,100.0,10.9,B
2021-06-23T09:01:15,400.0,10.9,B
2021-06-23T09:00:48,500.0,10.9,B
2021-06-23T09:00:40,100.0,10.9,B
2021-06-23T09:00:34,6000.0,11.0,B
2021-06-23T09:00:16,1600.0,11.0,B
