tradingTime,volume,price,side
2021-06-23T14:21:21,500.0,18.75,S
2021-06-23T14:21:12,800.0,18.75,S
2021-06-23T14:19:19,1000.0,18.8,B
2021-06-23T14:19:18,2400.0,18.8,B
2021-06-23T14:18:52,1500.0,18.7,S
2021-06-23T14:13:56,100.0,18.7,B
2021-06-23T14:13:09,800.0,18.7,B
2021-06-23T14:12:00,900.0,18.7,B
2021-06-23T14:11:06,100.0,18.7,B
2021-06-23T14:11:06,1500.0,18.7,B
2021-06-23T14:07:07,2100.0,18.7,S
2021-06-23T14:04:57,200.0,18.7,S
2021-06-23T14:04:12,500.0,18.7,S
2021-06-23T14:04:12,400.0,18.7,S
2021-06-23T14:03:38,300.0,18.7,S
2021-06-23T13:59:57,500.0,18.7,S
2021-06-23T13:58:09,1000.0,18.7,S
2021-06-23T13:57:18,100.0,18.7,S
2021-06-23T13:56:40,200.0,18.7,S
2021-06-23T13:55:04,2000.0,18.7,S
2021-06-23T13:52:59,9300.0,18.7,B
2021-06-23T13:52:34,1000.0,18.7,B
2021-06-23T13:50:34,600.0,18.7,B
2021-06-23T13:50:00,100.0,18.7,B
2021-06-23T13:49:42,500.0,18.7,B
2021-06-23T13:49:34,100.0,18.7,B
2021-06-23T13:49:07,800.0,18.7,S
2021-06-23T13:46:36,100.0,18.7,S
2021-06-23T13:45:44,200.0,18.7,B
2021-06-23T13:44:33,2400.0,18.7,B
2021-06-23T13:42:46,100.0,18.8,S
2021-06-23T13:42:35,900.0,18.8,B
2021-06-23T13:42:22,100.0,18.8,B
2021-06-23T13:40:02,200.0,18.7,S
2021-06-23T13:39:52,100.0,18.7,S
2021-06-23T13:39:52,400.0,18.7,S
2021-06-23T13:37:25,1200.0,18.7,S
2021-06-23T13:34:43,500.0,18.7,S
2021-06-23T13:34:17,2000.0,18.7,B
2021-06-23T13:33:35,700.0,18.8,B
2021-06-23T13:33:35,4300.0,18.8,B
2021-06-23T13:32:51,400.0,18.7,B
2021-06-23T13:32:06,2300.0,18.7,S
2021-06-23T13:31:54,1700.0,18.7,B
2021-06-23T13:31:32,1000.0,18.7,B
2021-06-23T13:28:52,100.0,18.7,B
2021-06-23T13:28:35,1300.0,18.7,B
2021-06-23T13:27:49,100.0,18.7,B
2021-06-23T13:25:49,100.0,18.7,B
2021-06-23T13:24:40,100.0,18.7,B
2021-06-23T13:22:11,300.0,18.7,S
2021-06-23T13:21:23,500.0,18.7,S
2021-06-23T13:21:23,500.0,18.7,S
2021-06-23T13:21:23,500.0,18.7,S
2021-06-23T13:20:45,500.0,18.7,S
2021-06-23T13:20:25,600.0,18.7,B
2021-06-23T13:20:13,4900.0,18.65,S
2021-06-23T13:20:13,100.0,18.65,S
2021-06-23T13:19:04,1000.0,18.65,S
2021-06-23T13:16:59,1900.0,18.65,B
2021-06-23T13:16:45,100.0,18.65,B
2021-06-23T13:15:33,100.0,18.65,B
2021-06-23T13:15:30,100.0,18.65,B
2021-06-23T13:15:12,100.0,18.65,B
2021-06-23T13:14:54,200.0,18.65,B
2021-06-23T13:14:08,5900.0,18.65,S
2021-06-23T13:14:08,800.0,18.65,S
2021-06-23T13:14:08,2100.0,18.65,S
2021-06-23T13:12:36,1000.0,18.65,S
2021-06-23T13:11:53,700.0,18.65,B
2021-06-23T13:11:24,400.0,18.65,S
2021-06-23T13:11:19,8900.0,18.65,S
2021-06-23T13:11:13,3700.0,18.65,S
2021-06-23T13:10:21,100.0,18.7,B
2021-06-23T13:10:03,200.0,18.7,B
2021-06-23T13:10:02,3200.0,18.7,B
2021-06-23T13:09:55,500.0,18.7,B
2021-06-23T13:09:29,1500.0,18.7,B
2021-06-23T13:09:25,1300.0,18.65,S
2021-06-23T13:09:25,700.0,18.65,S
2021-06-23T13:08:40,300.0,18.7,B
2021-06-23T13:08:31,4000.0,18.7,B
2021-06-23T13:07:20,3000.0,18.7,B
2021-06-23T13:07:07,800.0,18.7,B
2021-06-23T13:06:29,100.0,18.7,B
2021-06-23T13:03:17,2100.0,18.7,S
2021-06-23T13:03:17,100.0,18.7,S
2021-06-23T13:03:17,1800.0,18.7,S
2021-06-23T13:01:16,600.0,18.7,S
2021-06-23T11:29:45,600.0,18.8,B
2021-06-23T11:29:15,1000.0,18.7,S
2021-06-23T11:27:56,2000.0,18.7,S
2021-06-23T11:27:38,100.0,18.75,B
2021-06-23T11:27:21,900.0,18.7,S
2021-06-23T11:27:10,600.0,18.7,S
2021-06-23T11:27:09,2300.0,18.7,S
2021-06-23T11:27:09,1100.0,18.7,S
2021-06-23T11:27:09,300.0,18.7,S
2021-06-23T11:27:09,2000.0,18.7,S
2021-06-23T11:27:09,3200.0,18.7,S
2021-06-23T11:24:37,200.0,18.7,S
2021-06-23T11:21:16,5000.0,18.7,S
2021-06-23T11:20:07,200.0,18.7,S
2021-06-23T11:18:34,1600.0,18.75,B
2021-06-23T11:16:15,3000.0,18.7,S
2021-06-23T11:16:01,100.0,18.7,S
2021-06-23T11:15:37,1000.0,18.7,S
2021-06-23T11:15:37,300.0,18.7,S
2021-06-23T11:15:37,700.0,18.7,S
2021-06-23T11:15:18,200.0,18.7,S
2021-06-23T11:13:40,1300.0,18.7,S
2021-06-23T11:12:40,1000.0,18.75,B
2021-06-23T11:11:50,100.0,18.75,S
2021-06-23T11:08:48,600.0,18.75,S
2021-06-23T11:07:44,200.0,18.75,S
2021-06-23T11:07:44,200.0,18.75,S
2021-06-23T11:06:57,5000.0,18.75,S
2021-06-23T11:06:24,1200.0,18.75,S
2021-06-23T11:06:05,300.0,18.75,S
2021-06-23T11:05:37,600.0,18.75,S
2021-06-23T11:05:23,700.0,18.75,S
2021-06-23T11:05:23,600.0,18.75,S
2021-06-23T11:04:56,2700.0,18.8,B
2021-06-23T11:04:52,2000.0,18.75,S
2021-06-23T11:04:52,100.0,18.75,S
2021-06-23T11:04:52,500.0,18.75,S
2021-06-23T11:04:08,2800.0,18.75,S
2021-06-23T11:04:08,1500.0,18.75,S
2021-06-23T11:04:08,7500.0,18.75,S
2021-06-23T11:04:08,1100.0,18.75,S
2021-06-23T11:02:53,300.0,18.75,S
2021-06-23T11:02:16,2200.0,18.8,S
2021-06-23T10:58:03,2000.0,18.8,S
2021-06-23T10:58:03,700.0,18.8,S
2021-06-23T10:58:03,3000.0,18.8,S
2021-06-23T10:58:03,200.0,18.8,S
2021-06-23T10:58:02,600.0,18.8,S
2021-06-23T10:58:02,3500.0,18.8,S
2021-06-23T10:56:39,100.0,18.8,S
2021-06-23T10:56:31,1000.0,18.85,B
2021-06-23T10:55:50,1000.0,18.85,B
2021-06-23T10:54:10,100.0,18.85,B
2021-06-23T10:54:05,4900.0,18.85,B
2021-06-23T10:53:49,2000.0,18.8,S
2021-06-23T10:51:55,500.0,18.85,B
2021-06-23T10:50:18,2000.0,18.85,B
2021-06-23T10:50:01,300.0,18.85,B
2021-06-23T10:50:01,200.0,18.85,B
2021-06-23T10:49:44,100.0,18.85,B
2021-06-23T10:46:53,2500.0,18.85,B
2021-06-23T10:45:29,4000.0,18.85,B
2021-06-23T10:45:06,3800.0,18.85,S
2021-06-23T10:44:46,200.0,18.85,S
2021-06-23T10:44:07,500.0,18.85,B
2021-06-23T10:44:00,1000.0,18.85,B
2021-06-23T10:38:05,3000.0,18.8,S
2021-06-23T10:36:17,100.0,18.8,S
2021-06-23T10:36:17,500.0,18.8,S
2021-06-23T10:36:15,400.0,18.8,S
2021-06-23T10:34:50,400.0,18.8,S
2021-06-23T10:32:27,100.0,18.8,S
2021-06-23T10:29:55,5000.0,18.8,S
2021-06-23T10:27:43,600.0,18.9,B
2021-06-23T10:27:03,100.0,18.9,B
2021-06-23T10:26:14,500.0,18.9,B
2021-06-23T10:25:48,300.0,18.8,S
2021-06-23T10:24:50,100.0,18.9,B
2021-06-23T10:24:45,600.0,18.8,S
2021-06-23T10:24:33,600.0,18.9,B
2021-06-23T10:23:49,100.0,18.9,B
2021-06-23T10:21:36,100.0,18.8,S
2021-06-23T10:18:45,500.0,18.8,S
2021-06-23T10:17:52,500.0,18.8,S
2021-06-23T10:17:47,1000.0,18.8,S
2021-06-23T10:17:28,2200.0,18.8,S
2021-06-23T10:13:47,300.0,18.9,B
2021-06-23T10:09:30,1000.0,18.9,B
2021-06-23T10:06:48,100.0,18.9,B
2021-06-23T10:05:57,1200.0,18.9,S
2021-06-23T10:04:00,1600.0,18.9,B
2021-06-23T10:03:37,2000.0,18.9,B
2021-06-23T10:01:34,600.0,18.9,B
2021-06-23T10:01:33,2200.0,18.9,B
2021-06-23T09:59:40,1000.0,18.9,B
2021-06-23T09:59:35,200.0,18.8,S
2021-06-23T09:59:22,100.0,18.8,S
2021-06-23T09:59:15,100.0,18.8,S
2021-06-23T09:58:40,3400.0,18.8,B
2021-06-23T09:58:37,1000.0,18.8,B
2021-06-23T09:57:00,800.0,18.8,S
2021-06-23T09:57:00,1000.0,18.8,S
2021-06-23T09:57:00,1700.0,18.8,S
2021-06-23T09:55:35,100.0,18.8,S
2021-06-23T09:53:52,500.0,18.8,S
2021-06-23T09:53:33,200.0,18.9,B
2021-06-23T09:52:34,400.0,18.8,S
2021-06-23T09:52:13,1600.0,18.8,S
2021-06-23T09:47:54,100.0,18.75,S
2021-06-23T09:46:29,2600.0,18.75,S
2021-06-23T09:45:41,100.0,18.75,S
2021-06-23T09:45:41,1300.0,18.75,S
2021-06-23T09:45:41,500.0,18.75,S
2021-06-23T09:45:41,2700.0,18.75,S
2021-06-23T09:45:41,1400.0,18.8,S
2021-06-23T09:42:41,2500.0,18.8,S
2021-06-23T09:42:41,2500.0,18.8,S
2021-06-23T09:41:17,5100.0,18.8,S
2021-06-23T09:39:14,1000.0,18.8,S
2021-06-23T09:38:18,100.0,18.8,S
2021-06-23T09:38:18,700.0,18.8,S
2021-06-23T09:38:06,100.0,18.8,S
2021-06-23T09:37:16,1000.0,19.0,B
2021-06-23T09:36:57,1000.0,19.0,B
2021-06-23T09:36:51,8000.0,18.9,B
2021-06-23T09:36:09,700.0,18.8,B
2021-06-23T09:35:45,1000.0,18.8,B
2021-06-23T09:35:32,1000.0,18.8,B
2021-06-23T09:34:19,2000.0,18.8,B
2021-06-23T09:34:08,2100.0,18.8,B
2021-06-23T09:33:49,3300.0,18.8,B
2021-06-23T09:33:49,600.0,18.8,B
2021-06-23T09:32:08,4000.0,18.8,S
2021-06-23T09:32:08,100.0,18.8,S
2021-06-23T09:32:07,3200.0,18.8,S
2021-06-23T09:32:02,500.0,18.8,S
2021-06-23T09:29:31,2000.0,18.8,S
2021-06-23T09:26:31,1100.0,18.8,S
2021-06-23T09:24:40,300.0,18.8,S
2021-06-23T09:24:36,200.0,18.8,S
2021-06-23T09:24:21,100.0,18.75,S
2021-06-23T09:23:12,1000.0,18.75,B
2021-06-23T09:23:10,500.0,18.75,B
2021-06-23T09:23:05,400.0,18.75,B
2021-06-23T09:23:00,100.0,18.75,B
2021-06-23T09:22:51,200.0,18.75,B
2021-06-23T09:22:37,800.0,18.75,B
2021-06-23T09:22:23,200.0,18.75,B
2021-06-23T09:22:08,7800.0,18.75,S
2021-06-23T09:21:27,500.0,18.8,S
2021-06-23T09:21:08,100.0,18.8,S
2021-06-23T09:21:06,400.0,18.8,S
2021-06-23T09:21:06,300.0,18.8,S
2021-06-23T09:21:06,4600.0,18.8,S
2021-06-23T09:20:22,1000.0,18.9,B
2021-06-23T09:19:49,2800.0,18.8,S
2021-06-23T09:19:49,200.0,18.8,S
2021-06-23T09:19:49,300.0,18.8,S
2021-06-23T09:19:49,300.0,18.8,S
2021-06-23T09:19:49,1400.0,18.8,S
2021-06-23T09:19:14,100.0,18.85,B
2021-06-23T09:18:39,100.0,18.85,S
2021-06-23T09:18:00,900.0,18.9,S
2021-06-23T09:17:59,1000.0,18.9,S
