tradingTime,volume,price,side
2021-06-23T14:21:39,2800.0,8.3,S
2021-06-23T14:20:47,2000.0,8.3,S
2021-06-23T14:20:20,1000.0,8.3,S
2021-06-23T14:19:14,4100.0,8.3,B
2021-06-23T14:18:52,1800.0,8.3,B
2021-06-23T14:18:44,100.0,8.3,B
2021-06-23T14:17:28,100.0,8.3,B
2021-06-23T14:17:18,15100.0,8.3,B
2021-06-23T14:15:44,1000.0,8.3,S
2021-06-23T14:14:45,300.0,8.3,S
2021-06-23T14:14:37,1000.0,8.3,B
2021-06-23T14:14:29,500.0,8.3,B
2021-06-23T14:14:21,100.0,8.3,B
2021-06-23T14:13:58,2000.0,8.3,B
2021-06-23T14:13:40,100.0,8.3,B
2021-06-23T14:13:22,100.0,8.3,B
2021-06-23T14:13:14,3000.0,8.3,B
2021-06-23T14:13:06,100.0,8.3,B
2021-06-23T14:13:04,14000.0,8.3,B
2021-06-23T14:12:02,10000.0,8.3,B
2021-06-23T14:11:05,2000.0,8.3,B
2021-06-23T14:10:31,19800.0,8.3,B
2021-06-23T14:09:21,2000.0,8.3,B
2021-06-23T14:08:38,5000.0,8.3,B
2021-06-23T14:08:14,200.0,8.3,B
2021-06-23T14:08:04,500.0,8.3,B
2021-06-23T14:07:40,100.0,8.3,B
2021-06-23T14:07:09,100.0,8.3,B
2021-06-23T14:05:29,2500.0,8.3,B
2021-06-23T14:05:05,500.0,8.2,S
2021-06-23T14:04:45,38200.0,8.2,S
2021-06-23T14:04:26,100.0,8.3,B
2021-06-23T14:03:26,14800.0,8.3,B
2021-06-23T14:02:34,2000.0,8.3,S
2021-06-23T14:01:34,300.0,8.3,S
2021-06-23T14:01:10,500.0,8.3,S
2021-06-23T14:00:21,1400.0,8.3,S
2021-06-23T13:59:44,1000.0,8.3,S
2021-06-23T13:56:45,15000.0,8.3,S
2021-06-23T13:55:35,500.0,8.3,S
2021-06-23T13:54:39,100.0,8.3,S
2021-06-23T13:54:09,25000.0,8.3,S
2021-06-23T13:53:06,500.0,8.3,S
2021-06-23T13:52:58,100.0,8.3,S
2021-06-23T13:52:47,900.0,8.3,B
2021-06-23T13:52:00,1200.0,8.3,B
2021-06-23T13:51:56,20000.0,8.3,B
2021-06-23T13:51:05,1000.0,8.3,B
2021-06-23T13:51:03,600.0,8.3,B
2021-06-23T13:50:53,2200.0,8.3,B
2021-06-23T13:50:50,1000.0,8.3,B
2021-06-23T13:50:44,1000.0,8.3,B
2021-06-23T13:50:40,1000.0,8.3,B
2021-06-23T13:50:34,10000.0,8.3,B
2021-06-23T13:50:24,10000.0,8.3,B
2021-06-23T13:50:09,1000.0,8.3,B
2021-06-23T13:50:03,14000.0,8.3,B
2021-06-23T13:49:30,21400.0,8.3,B
2021-06-23T13:49:29,11000.0,8.3,B
2021-06-23T13:49:16,2000.0,8.3,B
2021-06-23T13:49:10,30000.0,8.3,B
2021-06-23T13:48:07,8300.0,8.3,B
2021-06-23T13:48:02,100.0,8.3,B
2021-06-23T13:47:48,1000.0,8.3,B
2021-06-23T13:47:46,1000.0,8.3,B
2021-06-23T13:47:05,1500.0,8.3,B
2021-06-23T13:46:44,10000.0,8.3,B
2021-06-23T13:46:06,200.0,8.3,B
2021-06-23T13:45:58,3000.0,8.3,B
2021-06-23T13:45:10,100.0,8.3,B
2021-06-23T13:45:01,8000.0,8.3,B
2021-06-23T13:44:48,10000.0,8.3,B
2021-06-23T13:44:30,5000.0,8.3,B
2021-06-23T13:44:06,1100.0,8.3,B
2021-06-23T13:43:26,1000.0,8.2,S
2021-06-23T13:43:24,2000.0,8.3,B
2021-06-23T13:43:11,5900.0,8.3,B
2021-06-23T13:42:16,10000.0,8.3,B
2021-06-23T13:39:57,100.0,8.2,S
2021-06-23T13:39:37,1000.0,8.2,S
2021-06-23T13:39:07,17000.0,8.3,B
2021-06-23T13:38:25,1100.0,8.3,B
2021-06-23T13:38:17,100.0,8.3,B
2021-06-23T13:37:57,6000.0,8.2,S
2021-06-23T13:34:19,7000.0,8.2,S
2021-06-23T13:32:14,2000.0,8.3,B
2021-06-23T13:32:09,2000.0,8.2,S
2021-06-23T13:31:11,1000.0,8.3,B
2021-06-23T13:30:56,1000.0,8.2,S
2021-06-23T13:30:25,1000.0,8.3,B
2021-06-23T13:29:33,200.0,8.3,B
2021-06-23T13:26:59,500.0,8.3,B
2021-06-23T13:26:42,400.0,8.3,B
2021-06-23T13:26:27,10000.0,8.3,B
2021-06-23T13:25:58,1000.0,8.3,B
2021-06-23T13:25:46,300.0,8.3,B
2021-06-23T13:25:19,300.0,8.3,B
2021-06-23T13:23:58,300.0,8.2,S
2021-06-23T13:23:48,100.0,8.3,B
2021-06-23T13:23:38,100.0,8.3,B
2021-06-23T13:23:33,1000.0,8.3,B
2021-06-23T13:22:57,600.0,8.3,B
2021-06-23T13:21:45,1000.0,8.3,B
2021-06-23T13:21:08,1000.0,8.3,B
2021-06-23T13:20:03,23100.0,8.3,S
2021-06-23T13:19:54,500.0,8.3,S
2021-06-23T13:19:45,10000.0,8.3,S
2021-06-23T13:19:34,900.0,8.3,S
2021-06-23T13:19:29,50100.0,8.3,S
2021-06-23T13:18:27,900.0,8.3,S
2021-06-23T13:17:44,2400.0,8.3,S
2021-06-23T13:17:43,40000.0,8.3,S
2021-06-23T13:17:19,10000.0,8.3,S
2021-06-23T13:17:07,200000.0,8.3,S
2021-06-23T13:16:35,1000.0,8.3,S
2021-06-23T13:15:27,100.0,8.3,S
2021-06-23T13:14:03,500.0,8.3,S
2021-06-23T13:13:07,1000.0,8.3,S
2021-06-23T13:10:03,49900.0,8.3,S
2021-06-23T13:10:00,2000.0,8.3,B
2021-06-23T13:09:58,5000.0,8.3,B
2021-06-23T13:09:53,2700.0,8.3,B
2021-06-23T13:09:52,10000.0,8.3,B
2021-06-23T13:09:46,25600.0,8.3,B
2021-06-23T13:09:43,100.0,8.3,B
2021-06-23T13:09:29,200.0,8.3,B
2021-06-23T13:09:24,20000.0,8.3,B
2021-06-23T13:09:20,8200.0,8.3,B
2021-06-23T13:09:10,300.0,8.3,B
2021-06-23T13:08:53,10000.0,8.3,B
2021-06-23T13:08:41,2000.0,8.3,B
2021-06-23T13:08:37,10000.0,8.3,B
2021-06-23T13:08:02,20000.0,8.3,B
2021-06-23T13:05:44,20000.0,8.3,B
2021-06-23T13:05:21,100.0,8.3,B
2021-06-23T13:04:59,700.0,8.3,B
2021-06-23T13:03:57,400.0,8.3,B
2021-06-23T13:00:10,1000.0,8.3,B
2021-06-23T13:00:06,200.0,8.3,B
2021-06-23T13:00:03,100.0,8.3,B
2021-06-23T13:00:03,100.0,8.3,B
2021-06-23T13:00:02,200.0,8.3,B
2021-06-23T13:00:02,100.0,8.3,B
2021-06-23T11:29:30,500.0,8.3,B
2021-06-23T11:29:08,100.0,8.3,B
2021-06-23T11:28:16,1000.0,8.3,B
2021-06-23T11:27:46,3000.0,8.3,B
2021-06-23T11:27:17,1000.0,8.3,B
2021-06-23T11:26:55,200.0,8.3,B
2021-06-23T11:26:50,500.0,8.2,S
2021-06-23T11:25:32,2000.0,8.2,S
2021-06-23T11:24:38,1000.0,8.2,S
2021-06-23T11:23:13,400.0,8.2,S
2021-06-23T11:22:01,500.0,8.2,S
2021-06-23T11:21:39,17100.0,8.3,B
2021-06-23T11:21:38,100.0,8.2,S
2021-06-23T11:19:34,12000.0,8.3,B
2021-06-23T11:19:26,700.0,8.3,B
2021-06-23T11:19:15,8000.0,8.2,S
2021-06-23T11:19:05,100.0,8.3,B
2021-06-23T11:18:51,200.0,8.2,S
2021-06-23T11:18:43,100.0,8.3,B
2021-06-23T11:18:41,2500.0,8.3,B
2021-06-23T11:18:40,1900.0,8.2,S
2021-06-23T11:18:39,100.0,8.2,S
2021-06-23T11:18:26,1000.0,8.3,B
2021-06-23T11:18:26,300.0,8.3,B
2021-06-23T11:18:16,19000.0,8.3,B
2021-06-23T11:18:09,1000.0,8.3,B
2021-06-23T11:18:01,200.0,8.3,B
2021-06-23T11:17:35,100.0,8.3,B
2021-06-23T11:17:20,500.0,8.3,B
2021-06-23T11:17:14,100.0,8.3,B
2021-06-23T11:16:56,5000.0,8.3,B
2021-06-23T11:16:27,32000.0,8.3,S
2021-06-23T11:16:14,20000.0,8.3,S
2021-06-23T11:16:08,45200.0,8.3,S
2021-06-23T11:16:06,7000.0,8.3,S
2021-06-23T11:15:49,100000.0,8.3,S
2021-06-23T11:15:23,500.0,8.3,S
2021-06-23T11:13:34,300.0,8.3,S
2021-06-23T11:12:33,3000.0,8.3,S
2021-06-23T11:11:40,14700.0,8.3,S
2021-06-23T11:11:31,10000.0,8.3,S
2021-06-23T11:10:02,1400.0,8.3,S
2021-06-23T11:09:08,500.0,8.3,S
2021-06-23T11:09:01,3000.0,8.3,S
2021-06-23T11:07:42,2000.0,8.3,S
2021-06-23T11:07:23,2500.0,8.4,B
2021-06-23T11:06:37,500.0,8.4,B
2021-06-23T11:05:50,500.0,8.4,B
2021-06-23T11:05:28,5000.0,8.4,B
2021-06-23T11:05:19,5000.0,8.4,B
2021-06-23T11:04:16,1000.0,8.4,B
2021-06-23T11:04:02,400.0,8.4,S
2021-06-23T11:03:48,2300.0,8.4,S
2021-06-23T11:03:47,300.0,8.4,S
2021-06-23T11:03:11,30000.0,8.4,S
2021-06-23T11:02:59,300.0,8.4,S
2021-06-23T11:02:09,1000.0,8.4,S
2021-06-23T11:01:45,1000.0,8.4,S
2021-06-23T11:01:40,4000.0,8.4,S
2021-06-23T11:01:10,5000.0,8.4,S
2021-06-23T11:00:21,500.0,8.4,S
2021-06-23T11:00:06,1000.0,8.4,S
2021-06-23T10:59:51,2000.0,8.4,S
2021-06-23T10:58:42,400.0,8.4,S
2021-06-23T10:57:29,3000.0,8.4,S
2021-06-23T10:57:15,100.0,8.4,S
2021-06-23T10:56:48,2500.0,8.4,B
2021-06-23T10:55:26,3000.0,8.4,B
2021-06-23T10:54:05,400.0,8.4,B
2021-06-23T10:54:03,500.0,8.4,S
2021-06-23T10:53:56,1000.0,8.4,S
2021-06-23T10:53:52,2000.0,8.4,S
2021-06-23T10:53:40,3000.0,8.4,S
2021-06-23T10:53:38,600.0,8.4,S
2021-06-23T10:53:35,1000.0,8.4,S
2021-06-23T10:52:54,5000.0,8.4,S
2021-06-23T10:52:41,500.0,8.5,B
2021-06-23T10:52:38,6500.0,8.4,B
2021-06-23T10:52:37,300.0,8.4,B
2021-06-23T10:52:36,10000.0,8.4,B
2021-06-23T10:52:27,100.0,8.4,B
2021-06-23T10:52:24,9500.0,8.4,B
2021-06-23T10:52:13,2500.0,8.4,B
2021-06-23T10:52:10,1000.0,8.4,B
2021-06-23T10:52:06,10800.0,8.4,B
2021-06-23T10:51:56,20000.0,8.4,B
2021-06-23T10:51:55,4700.0,8.4,B
2021-06-23T10:51:55,500.0,8.4,B
2021-06-23T10:51:41,25000.0,8.4,B
2021-06-23T10:51:39,1000.0,8.4,B
2021-06-23T10:51:32,100.0,8.4,B
2021-06-23T10:51:12,10000.0,8.4,B
2021-06-23T10:51:10,500.0,8.4,B
2021-06-23T10:51:08,25000.0,8.4,B
2021-06-23T10:50:46,7000.0,8.4,B
2021-06-23T10:50:08,200.0,8.4,B
2021-06-23T10:49:45,1000.0,8.3,S
2021-06-23T10:49:33,5000.0,8.3,S
2021-06-23T10:49:26,77400.0,8.3,B
2021-06-23T10:49:21,20000.0,8.3,B
2021-06-23T10:48:49,1900.0,8.3,B
2021-06-23T10:48:45,100.0,8.3,B
2021-06-23T10:48:45,3700.0,8.3,B
2021-06-23T10:48:37,100.0,8.3,B
2021-06-23T10:48:37,30000.0,8.2,S
2021-06-23T10:48:34,300.0,8.3,B
2021-06-23T10:47:57,1000.0,8.3,B
2021-06-23T10:47:55,1000.0,8.3,B
2021-06-23T10:47:52,500.0,8.3,B
2021-06-23T10:47:18,1000.0,8.3,B
2021-06-23T10:47:03,600.0,8.3,B
2021-06-23T10:46:52,9400.0,8.3,B
2021-06-23T10:46:40,1000.0,8.3,B
2021-06-23T10:46:21,2000.0,8.2,S
2021-06-23T10:46:15,200.0,8.3,B
2021-06-23T10:46:10,1000.0,8.3,B
2021-06-23T10:45:55,7000.0,8.3,B
2021-06-23T10:45:49,5000.0,8.3,B
2021-06-23T10:45:39,10000.0,8.3,B
2021-06-23T10:45:33,100.0,8.3,B
2021-06-23T10:45:31,10000.0,8.3,B
2021-06-23T10:45:19,7800.0,8.3,B
2021-06-23T10:45:18,100.0,8.3,B
2021-06-23T10:45:17,10000.0,8.3,B
2021-06-23T10:45:10,1600.0,8.3,B
2021-06-23T10:45:08,200.0,8.3,B
2021-06-23T10:45:03,500.0,8.3,B
2021-06-23T10:45:02,100.0,8.3,B
2021-06-23T10:44:57,2000.0,8.3,B
2021-06-23T10:44:50,100.0,8.3,B
2021-06-23T10:44:49,7800.0,8.3,B
2021-06-23T10:44:46,2000.0,8.3,B
2021-06-23T10:44:34,1500.0,8.3,B
2021-06-23T10:44:31,20000.0,8.3,B
2021-06-23T10:44:25,3000.0,8.3,B
2021-06-23T10:44:23,3000.0,8.3,B
2021-06-23T10:44:21,10000.0,8.3,B
2021-06-23T10:44:18,4000.0,8.3,B
2021-06-23T10:43:53,3000.0,8.3,B
2021-06-23T10:43:49,50000.0,8.3,B
2021-06-23T10:43:42,50000.0,8.3,B
2021-06-23T10:43:19,500.0,8.3,B
2021-06-23T10:42:29,500.0,8.3,B
2021-06-23T10:41:03,1000.0,8.2,S
2021-06-23T10:40:30,30000.0,8.2,S
2021-06-23T10:40:17,12500.0,8.2,S
2021-06-23T10:40:05,100600.0,8.2,B
2021-06-23T10:40:04,12000.0,8.2,B
2021-06-23T10:40:01,40500.0,8.2,B
2021-06-23T10:40:01,200000.0,8.2,B
2021-06-23T10:39:56,2000.0,8.2,B
2021-06-23T10:39:55,5000.0,8.2,B
2021-06-23T10:39:52,10000.0,8.2,B
2021-06-23T10:39:50,5000.0,8.2,B
2021-06-23T10:39:45,6000.0,8.2,B
2021-06-23T10:39:40,20000.0,8.2,B
2021-06-23T10:39:40,1200.0,8.2,B
2021-06-23T10:39:34,20300.0,8.2,B
2021-06-23T10:39:30,100.0,8.2,B
2021-06-23T10:39:29,100.0,8.2,B
2021-06-23T10:39:26,500.0,8.2,B
2021-06-23T10:39:04,10000.0,8.2,B
2021-06-23T10:38:47,20000.0,8.2,B
2021-06-23T10:38:43,1000.0,8.2,B
2021-06-23T10:38:42,20000.0,8.2,B
2021-06-23T10:38:23,10000.0,8.2,B
2021-06-23T10:38:12,3000.0,8.2,B
2021-06-23T10:38:10,36000.0,8.2,B
2021-06-23T10:38:04,100.0,8.2,B
2021-06-23T10:38:01,1900.0,8.2,B
2021-06-23T10:37:39,200.0,8.2,B
2021-06-23T10:37:24,200.0,8.2,B
2021-06-23T10:37:11,100.0,8.2,B
2021-06-23T10:36:51,4000.0,8.2,B
2021-06-23T10:36:01,600.0,8.2,B
2021-06-23T10:35:58,300.0,8.2,B
2021-06-23T10:35:39,700.0,8.2,B
2021-06-23T10:35:37,300.0,8.2,B
2021-06-23T10:35:18,1500.0,8.2,B
2021-06-23T10:35:17,30000.0,8.1,S
2021-06-23T10:35:04,100.0,8.2,B
2021-06-23T10:34:39,300.0,8.2,B
2021-06-23T10:34:16,800.0,8.2,B
2021-06-23T10:33:27,500.0,8.1,S
2021-06-23T10:33:19,2500.0,8.1,S
2021-06-23T10:33:16,2700.0,8.2,B
2021-06-23T10:33:13,300.0,8.1,S
2021-06-23T10:32:58,100.0,8.2,B
2021-06-23T10:32:13,200.0,8.1,S
2021-06-23T10:31:57,1000.0,8.1,S
2021-06-23T10:31:56,1000.0,8.2,B
2021-06-23T10:31:37,500.0,8.1,S
2021-06-23T10:31:14,15000.0,8.1,S
2021-06-23T10:30:06,100.0,8.1,S
2021-06-23T10:30:03,1000.0,8.2,B
2021-06-23T10:29:52,1000.0,8.1,S
2021-06-23T10:29:51,200.0,8.2,B
2021-06-23T10:29:35,800.0,8.2,B
2021-06-23T10:29:35,1100.0,8.2,B
2021-06-23T10:29:22,4000.0,8.1,S
2021-06-23T10:29:01,1000.0,8.2,B
2021-06-23T10:28:44,200.0,8.2,B
2021-06-23T10:28:42,500.0,8.2,B
2021-06-23T10:28:38,500.0,8.2,B
2021-06-23T10:27:53,100.0,8.2,B
2021-06-23T10:27:27,2000.0,8.2,B
2021-06-23T10:27:01,1000.0,8.2,B
2021-06-23T10:26:54,100.0,8.2,B
2021-06-23T10:26:51,4000.0,8.1,S
2021-06-23T10:26:34,200.0,8.2,B
2021-06-23T10:25:36,1000.0,8.2,B
2021-06-23T10:25:27,1000.0,8.2,B
2021-06-23T10:25:23,5500.0,8.2,B
2021-06-23T10:25:19,100.0,8.2,B
2021-06-23T10:25:13,700.0,8.2,B
2021-06-23T10:24:49,5000.0,8.2,B
2021-06-23T10:24:38,5000.0,8.2,B
2021-06-23T10:24:36,5000.0,8.2,B
2021-06-23T10:24:34,500.0,8.2,B
2021-06-23T10:24:28,2000.0,8.2,B
2021-06-23T10:24:16,10000.0,8.2,B
2021-06-23T10:24:02,2000.0,8.2,B
2021-06-23T10:23:58,400.0,8.2,B
2021-06-23T10:23:45,1000.0,8.2,B
2021-06-23T10:23:37,3000.0,8.2,B
2021-06-23T10:23:27,1300.0,8.2,B
2021-06-23T10:23:25,2000.0,8.2,B
2021-06-23T10:23:15,100.0,8.2,B
2021-06-23T10:22:59,500.0,8.2,B
2021-06-23T10:22:19,1000.0,8.2,B
2021-06-23T10:22:15,50000.0,8.2,B
2021-06-23T10:21:43,200.0,8.2,B
2021-06-23T10:21:39,500.0,8.2,B
2021-06-23T10:21:32,4000.0,8.1,S
2021-06-23T10:21:26,100.0,8.1,S
2021-06-23T10:21:24,2400.0,8.1,S
2021-06-23T10:21:14,1000.0,8.1,S
2021-06-23T10:21:04,38000.0,8.1,S
2021-06-23T10:20:54,500.0,8.1,S
2021-06-23T10:20:44,100.0,8.1,S
2021-06-23T10:20:25,2000.0,8.1,S
2021-06-23T10:20:17,500.0,8.2,B
2021-06-23T10:19:41,1200.0,8.1,S
2021-06-23T10:19:35,100.0,8.1,S
2021-06-23T10:19:09,500.0,8.1,S
2021-06-23T10:18:46,1500.0,8.1,S
2021-06-23T10:18:25,100.0,8.1,S
2021-06-23T10:18:20,1000.0,8.1,S
2021-06-23T10:17:49,40000.0,8.1,S
2021-06-23T10:17:18,10000.0,8.1,S
2021-06-23T10:17:05,1000.0,8.1,S
2021-06-23T10:17:01,9000.0,8.1,S
2021-06-23T10:16:39,3500.0,8.1,S
2021-06-23T10:16:38,1000.0,8.2,B
2021-06-23T10:16:25,200.0,8.1,S
2021-06-23T10:16:22,200.0,8.1,S
2021-06-23T10:16:09,300.0,8.1,S
2021-06-23T10:16:02,800.0,8.1,S
2021-06-23T10:15:20,1000.0,8.1,S
2021-06-23T10:15:03,10000.0,8.1,S
2021-06-23T10:15:02,10000.0,8.1,S
2021-06-23T10:14:54,900.0,8.1,S
2021-06-23T10:14:14,12000.0,8.1,S
2021-06-23T10:13:54,15000.0,8.1,S
2021-06-23T10:13:49,400.0,8.1,S
2021-06-23T10:13:19,100.0,8.2,B
2021-06-23T10:13:09,2000.0,8.1,S
2021-06-23T10:12:21,10000.0,8.1,S
2021-06-23T10:12:19,5000.0,8.1,S
2021-06-23T10:11:48,2000.0,8.2,B
2021-06-23T10:11:03,1000.0,8.1,S
2021-06-23T10:10:49,30000.0,8.2,B
2021-06-23T10:10:41,3000.0,8.1,S
2021-06-23T10:10:24,100.0,8.2,B
2021-06-23T10:10:06,1000.0,8.2,B
2021-06-23T10:09:51,200.0,8.1,S
2021-06-23T10:09:28,500.0,8.1,S
2021-06-23T10:08:47,500.0,8.1,S
2021-06-23T10:08:31,200.0,8.2,B
2021-06-23T10:08:28,200.0,8.1,S
2021-06-23T10:07:54,21800.0,8.2,B
2021-06-23T10:07:16,1800.0,8.2,B
2021-06-23T10:07:08,300.0,8.2,B
2021-06-23T10:06:47,200.0,8.2,B
2021-06-23T10:05:59,200.0,8.2,B
2021-06-23T10:05:29,100.0,8.2,B
2021-06-23T10:05:19,3000.0,8.2,B
2021-06-23T10:04:37,200.0,8.2,B
2021-06-23T10:03:43,1000.0,8.2,B
2021-06-23T10:03:32,1000.0,8.2,B
2021-06-23T10:03:18,30000.0,8.1,S
2021-06-23T10:03:13,1000.0,8.2,B
2021-06-23T10:03:09,4000.0,8.2,B
2021-06-23T10:02:58,1000.0,8.2,B
2021-06-23T10:02:56,1400.0,8.2,B
2021-06-23T10:02:38,300.0,8.2,B
2021-06-23T10:02:04,1000.0,8.2,B
2021-06-23T10:01:54,200.0,8.2,B
2021-06-23T10:01:50,200.0,8.2,B
2021-06-23T10:01:46,1000.0,8.2,B
2021-06-23T10:01:44,3000.0,8.2,B
2021-06-23T10:01:43,500.0,8.2,B
2021-06-23T10:01:42,100.0,8.2,B
2021-06-23T10:01:38,100.0,8.2,B
2021-06-23T10:01:19,100.0,8.2,B
2021-06-23T10:00:50,13000.0,8.2,B
2021-06-23T10:00:49,1400.0,8.2,B
2021-06-23T10:00:48,100.0,8.2,B
2021-06-23T10:00:44,900.0,8.2,B
2021-06-23T10:00:34,7000.0,8.2,B
2021-06-23T10:00:32,500.0,8.2,B
2021-06-23T10:00:32,1000.0,8.2,B
2021-06-23T10:00:25,1000.0,8.2,B
2021-06-23T10:00:16,500.0,8.2,B
2021-06-23T10:00:14,500.0,8.2,B
2021-06-23T09:59:43,200.0,8.2,B
2021-06-23T09:59:35,3000.0,8.2,S
2021-06-23T09:59:28,500.0,8.2,S
2021-06-23T09:59:22,2500.0,8.2,S
2021-06-23T09:59:20,100.0,8.2,S
2021-06-23T09:59:19,7000.0,8.2,S
2021-06-23T09:59:18,100.0,8.2,S
2021-06-23T09:59:14,4000.0,8.2,S
2021-06-23T09:58:58,1000.0,8.2,S
2021-06-23T09:58:42,1000.0,8.2,S
2021-06-23T09:58:40,5000.0,8.2,S
2021-06-23T09:58:38,1000.0,8.2,S
2021-06-23T09:58:31,10000.0,8.2,S
2021-06-23T09:58:25,6300.0,8.2,S
2021-06-23T09:58:17,194700.0,8.2,S
2021-06-23T09:57:48,500.0,8.2,S
2021-06-23T09:57:47,20000.0,8.2,S
2021-06-23T09:57:11,900.0,8.2,S
2021-06-23T09:57:08,20000.0,8.2,S
2021-06-23T09:56:47,1000.0,8.2,S
2021-06-23T09:56:11,1000.0,8.2,S
2021-06-23T09:55:23,200.0,8.2,S
2021-06-23T09:55:03,1200.0,8.2,S
2021-06-23T09:54:58,4500.0,8.3,B
2021-06-23T09:54:41,300.0,8.2,S
2021-06-23T09:54:09,3000.0,8.2,S
2021-06-23T09:54:03,100.0,8.2,S
2021-06-23T09:53:23,100.0,8.2,S
2021-06-23T09:53:21,100.0,8.2,S
2021-06-23T09:53:15,2000.0,8.2,S
2021-06-23T09:53:12,200.0,8.2,S
2021-06-23T09:52:42,100.0,8.2,S
2021-06-23T09:52:35,100.0,8.3,B
2021-06-23T09:52:22,3000.0,8.2,S
2021-06-23T09:52:21,100.0,8.2,S
2021-06-23T09:51:59,10000.0,8.2,S
2021-06-23T09:51:34,2000.0,8.3,B
2021-06-23T09:51:23,100.0,8.3,B
2021-06-23T09:50:21,18500.0,8.3,B
2021-06-23T09:49:42,76100.0,8.2,B
2021-06-23T09:49:26,80000.0,8.2,S
2021-06-23T09:49:15,1700.0,8.2,S
2021-06-23T09:48:08,200.0,8.2,S
2021-06-23T09:48:01,1000.0,8.2,S
2021-06-23T09:47:40,500.0,8.2,S
2021-06-23T09:46:17,4000.0,8.2,S
2021-06-23T09:46:03,800.0,8.2,S
2021-06-23T09:45:59,400.0,8.2,S
2021-06-23T09:45:49,1000.0,8.2,S
2021-06-23T09:45:43,3000.0,8.2,S
2021-06-23T09:45:30,100.0,8.2,S
2021-06-23T09:45:30,10000.0,8.2,S
2021-06-23T09:45:28,500.0,8.2,S
2021-06-23T09:45:23,600.0,8.2,S
2021-06-23T09:45:16,56000.0,8.2,S
2021-06-23T09:45:03,39400.0,8.2,S
2021-06-23T09:45:01,900.0,8.2,S
2021-06-23T09:44:49,300.0,8.2,S
2021-06-23T09:44:47,10000.0,8.2,S
2021-06-23T09:44:40,300.0,8.2,S
2021-06-23T09:44:30,1000.0,8.2,S
2021-06-23T09:44:27,400.0,8.2,S
2021-06-23T09:44:24,2000.0,8.3,B
2021-06-23T09:43:45,3100.0,8.2,S
2021-06-23T09:43:34,9900.0,8.2,S
2021-06-23T09:43:30,100.0,8.2,S
2021-06-23T09:43:09,100.0,8.2,S
2021-06-23T09:43:00,2500.0,8.3,B
2021-06-23T09:42:54,5000.0,8.2,S
2021-06-23T09:42:47,200.0,8.2,S
2021-06-23T09:42:42,2000.0,8.2,S
2021-06-23T09:42:40,5200.0,8.2,S
2021-06-23T09:42:39,37500.0,8.2,S
2021-06-23T09:42:34,6000.0,8.2,S
2021-06-23T09:42:24,200.0,8.2,S
2021-06-23T09:41:59,3600.0,8.2,S
2021-06-23T09:41:31,100.0,8.2,S
2021-06-23T09:41:29,200.0,8.2,S
2021-06-23T09:41:23,1500.0,8.2,S
2021-06-23T09:41:10,200.0,8.2,S
2021-06-23T09:41:05,4000.0,8.2,S
2021-06-23T09:40:33,100000.0,8.2,S
2021-06-23T09:40:29,400.0,8.2,S
2021-06-23T09:40:15,2000.0,8.2,S
2021-06-23T09:40:14,500.0,8.2,S
2021-06-23T09:40:00,200.0,8.2,S
2021-06-23T09:39:58,5000.0,8.2,S
2021-06-23T09:39:51,1000.0,8.2,S
2021-06-23T09:39:36,1000.0,8.2,S
2021-06-23T09:39:30,500.0,8.2,S
2021-06-23T09:39:01,100.0,8.2,S
2021-06-23T09:37:59,1000.0,8.3,B
2021-06-23T09:37:31,400.0,8.2,S
2021-06-23T09:37:27,9600.0,8.2,B
2021-06-23T09:37:24,2000.0,8.2,B
2021-06-23T09:37:20,2000.0,8.2,B
2021-06-23T09:37:18,200.0,8.2,B
2021-06-23T09:37:15,7500.0,8.2,B
2021-06-23T09:37:11,10000.0,8.2,B
2021-06-23T09:37:11,2000.0,8.2,B
2021-06-23T09:37:06,100.0,8.2,B
2021-06-23T09:36:59,500.0,8.2,B
2021-06-23T09:36:58,5000.0,8.3,B
2021-06-23T09:36:55,2000.0,8.2,B
2021-06-23T09:36:54,1200.0,8.2,B
2021-06-23T09:36:48,100.0,8.2,B
2021-06-23T09:36:45,100.0,8.2,B
2021-06-23T09:36:44,1000.0,8.2,B
2021-06-23T09:36:34,2000.0,8.2,B
2021-06-23T09:36:34,500.0,8.2,B
2021-06-23T09:36:29,500.0,8.2,B
2021-06-23T09:36:28,6900.0,8.2,B
2021-06-23T09:36:27,1700.0,8.2,B
2021-06-23T09:36:19,500.0,8.2,S
2021-06-23T09:36:15,1800.0,8.2,B
2021-06-23T09:36:06,300.0,8.2,S
2021-06-23T09:36:00,500.0,8.2,S
2021-06-23T09:35:45,400.0,8.2,B
2021-06-23T09:35:42,1000.0,8.2,B
2021-06-23T09:35:40,100.0,8.2,B
2021-06-23T09:35:35,500.0,8.2,B
2021-06-23T09:35:32,2000.0,8.2,B
2021-06-23T09:35:31,5000.0,8.2,B
2021-06-23T09:35:30,200.0,8.2,B
2021-06-23T09:35:26,300.0,8.2,B
2021-06-23T09:35:24,1000.0,8.2,B
2021-06-23T09:35:23,1100.0,8.2,B
2021-06-23T09:35:21,100.0,8.2,B
2021-06-23T09:35:09,122400.0,8.2,S
2021-06-23T09:34:46,30000.0,8.2,S
2021-06-23T09:34:46,200.0,8.3,B
2021-06-23T09:34:37,1500.0,8.3,B
2021-06-23T09:34:33,2000.0,8.3,B
2021-06-23T09:34:30,300.0,8.3,B
2021-06-23T09:34:21,12000.0,8.2,S
2021-06-23T09:33:53,1000.0,8.3,B
2021-06-23T09:33:45,700.0,8.2,S
2021-06-23T09:33:44,14800.0,8.2,S
2021-06-23T09:33:21,1000.0,8.3,B
2021-06-23T09:33:13,1000.0,8.3,B
2021-06-23T09:32:53,300.0,8.3,B
2021-06-23T09:32:37,1000.0,8.3,B
2021-06-23T09:32:33,500.0,8.3,B
2021-06-23T09:32:20,4000.0,8.3,B
2021-06-23T09:31:38,21800.0,8.3,S
2021-06-23T09:31:25,5000.0,8.3,S
2021-06-23T09:31:02,500.0,8.3,S
2021-06-23T09:31:01,3000.0,8.3,S
2021-06-23T09:30:58,5000.0,8.3,S
2021-06-23T09:30:57,10000.0,8.3,S
2021-06-23T09:30:47,500.0,8.3,S
2021-06-23T09:30:45,5000.0,8.3,S
2021-06-23T09:30:44,1500.0,8.3,S
2021-06-23T09:30:27,600.0,8.3,S
2021-06-23T09:30:24,500.0,8.3,S
2021-06-23T09:30:09,1000.0,8.3,S
2021-06-23T09:29:59,10000.0,8.3,S
2021-06-23T09:29:54,200.0,8.3,S
2021-06-23T09:29:53,1000.0,8.3,S
2021-06-23T09:29:40,6000.0,8.3,S
2021-06-23T09:29:20,4000.0,8.3,S
2021-06-23T09:29:18,1600.0,8.3,S
2021-06-23T09:29:08,5000.0,8.3,S
2021-06-23T09:28:45,1000.0,8.3,S
2021-06-23T09:28:33,20000.0,8.3,S
2021-06-23T09:27:39,5000.0,8.3,S
2021-06-23T09:27:37,2000.0,8.4,B
2021-06-23T09:27:30,1000.0,8.4,B
2021-06-23T09:27:24,100.0,8.3,S
2021-06-23T09:27:00,500.0,8.3,S
2021-06-23T09:26:51,1900.0,8.3,S
2021-06-23T09:26:30,1000.0,8.3,S
2021-06-23T09:26:24,1000.0,8.3,S
2021-06-23T09:26:16,100.0,8.3,S
2021-06-23T09:26:08,5700.0,8.3,S
2021-06-23T09:25:41,100.0,8.3,S
2021-06-23T09:25:28,2000.0,8.3,S
2021-06-23T09:25:25,2000.0,8.3,S
2021-06-23T09:25:23,300.0,8.3,S
2021-06-23T09:25:08,1000.0,8.3,S
2021-06-23T09:25:05,1000.0,8.3,S
2021-06-23T09:24:56,5000.0,8.4,B
2021-06-23T09:24:38,44000.0,8.3,S
2021-06-23T09:24:38,1200.0,8.3,S
2021-06-23T09:24:28,1200.0,8.4,B
2021-06-23T09:24:25,100.0,8.3,S
2021-06-23T09:24:24,100.0,8.4,B
2021-06-23T09:24:00,200.0,8.4,B
2021-06-23T09:23:48,10000.0,8.4,B
2021-06-23T09:23:44,100.0,8.4,B
2021-06-23T09:23:36,1000.0,8.4,B
2021-06-23T09:23:34,5000.0,8.3,S
2021-06-23T09:23:06,1000.0,8.4,B
2021-06-23T09:23:00,1000.0,8.3,S
2021-06-23T09:22:54,43100.0,8.4,S
2021-06-23T09:22:52,4000.0,8.4,S
2021-06-23T09:22:49,1000.0,8.4,S
2021-06-23T09:22:37,5000.0,8.4,S
2021-06-23T09:22:27,500.0,8.4,S
2021-06-23T09:22:27,5000.0,8.4,S
2021-06-23T09:22:08,5000.0,8.4,S
2021-06-23T09:22:02,3000.0,8.4,S
2021-06-23T09:21:56,200.0,8.4,S
2021-06-23T09:21:44,29000.0,8.4,S
2021-06-23T09:21:27,3000.0,8.4,S
2021-06-23T09:21:25,3000.0,8.4,S
2021-06-23T09:21:02,1000.0,8.4,S
2021-06-23T09:20:31,1000.0,8.4,S
2021-06-23T09:20:26,5000.0,8.4,S
2021-06-23T09:20:03,100.0,8.4,S
2021-06-23T09:19:42,1400.0,8.4,S
2021-06-23T09:18:04,5000.0,8.5,B
2021-06-23T09:17:52,100.0,8.4,S
2021-06-23T09:16:17,100.0,8.5,B
2021-06-23T09:15:54,1000.0,8.5,B
2021-06-23T09:15:28,1000.0,8.4,S
2021-06-23T09:13:57,500.0,8.4,S
2021-06-23T09:13:37,600.0,8.4,S
2021-06-23T09:13:29,100.0,8.4,S
2021-06-23T09:13:12,5000.0,8.4,S
2021-06-23T09:13:12,1000.0,8.5,B
2021-06-23T09:13:02,200.0,8.4,S
2021-06-23T09:11:38,100.0,8.5,B
2021-06-23T09:11:01,500.0,8.4,S
2021-06-23T09:10:05,300.0,8.5,B
2021-06-23T09:09:57,400.0,8.5,B
2021-06-23T09:09:55,5000.0,8.5,B
2021-06-23T09:09:17,2400.0,8.5,B
2021-06-23T09:09:07,10000.0,8.5,B
2021-06-23T09:09:06,1700.0,8.5,B
2021-06-23T09:09:00,100.0,8.5,B
2021-06-23T09:07:41,500.0,8.5,B
2021-06-23T09:07:13,1100.0,8.5,B
2021-06-23T09:06:22,2000.0,8.4,S
2021-06-23T09:06:16,200.0,8.5,B
2021-06-23T09:06:02,5000.0,8.4,S
2021-06-23T09:03:33,100.0,8.4,S
2021-06-23T09:03:29,200.0,8.4,S
2021-06-23T09:02:37,100.0,8.4,S
2021-06-23T09:02:34,1800.0,8.4,B
2021-06-23T09:01:53,500.0,8.4,S
2021-06-23T09:01:44,50000.0,8.5,B
2021-06-23T09:01:40,1000.0,8.4,B
2021-06-23T09:01:23,1000.0,8.4,B
2021-06-23T09:01:22,200.0,8.4,B
2021-06-23T09:01:15,1000.0,8.4,B
2021-06-23T09:00:56,1200.0,8.4,B
2021-06-23T09:00:54,100.0,8.4,B
2021-06-23T09:00:50,100.0,8.4,B
2021-06-23T09:00:48,100.0,8.4,B
2021-06-23T09:00:40,600.0,8.4,B
2021-06-23T09:00:38,100.0,8.4,B
2021-06-23T09:00:24,600.0,8.4,B
2021-06-23T09:00:18,800.0,8.4,B
2021-06-23T09:00:04,200.0,8.4,B
