tradingTime,volume,price,side
2021-06-23T14:21:51,2700.0,27.2,B
2021-06-23T14:21:41,300.0,27.2,B
2021-06-23T14:21:18,500.0,27.2,B
2021-06-23T14:18:29,1000.0,27.2,B
2021-06-23T14:18:04,1000.0,27.2,B
2021-06-23T14:15:59,100.0,27.2,B
2021-06-23T14:15:30,1000.0,27.2,B
2021-06-23T14:15:08,200.0,27.2,S
2021-06-23T14:15:04,5000.0,27.2,S
2021-06-23T14:14:06,2200.0,27.2,S
2021-06-23T14:14:06,400.0,27.2,S
2021-06-23T14:14:06,1400.0,27.2,S
2021-06-23T14:12:55,400.0,27.2,S
2021-06-23T14:11:00,500.0,27.2,S
2021-06-23T14:09:25,100.0,27.2,B
2021-06-23T14:09:25,7600.0,27.2,B
2021-06-23T14:09:23,500.0,27.2,B
2021-06-23T14:06:25,5000.0,27.2,S
2021-06-23T14:06:13,10000.0,27.2,S
2021-06-23T14:06:03,1800.0,27.2,S
2021-06-23T14:06:03,400.0,27.2,S
2021-06-23T14:06:01,2800.0,27.2,S
2021-06-23T14:05:49,5000.0,27.2,S
2021-06-23T14:05:30,500.0,27.2,S
2021-06-23T14:05:02,100.0,27.25,B
2021-06-23T14:03:41,500.0,27.2,S
2021-06-23T14:03:31,100.0,27.2,S
2021-06-23T14:03:31,100.0,27.2,S
2021-06-23T14:03:31,1800.0,27.2,S
2021-06-23T14:02:49,100.0,27.25,B
2021-06-23T14:02:42,500.0,27.25,B
2021-06-23T14:01:35,5000.0,27.25,B
2021-06-23T14:01:19,1000.0,27.25,B
2021-06-23T13:59:06,100.0,27.25,B
2021-06-23T13:58:41,100.0,27.25,B
2021-06-23T13:57:31,1000.0,27.2,S
2021-06-23T13:57:04,1000.0,27.25,B
2021-06-23T13:56:59,300.0,27.2,S
2021-06-23T13:56:57,100.0,27.2,S
2021-06-23T13:55:37,100.0,27.2,S
2021-06-23T13:55:18,200.0,27.2,S
2021-06-23T13:55:10,2000.0,27.25,B
2021-06-23T13:54:42,100.0,27.2,S
2021-06-23T13:54:09,100.0,27.25,B
2021-06-23T13:54:09,100.0,27.2,S
2021-06-23T13:54:01,1000.0,27.25,B
2021-06-23T13:51:20,200.0,27.2,S
2021-06-23T13:51:00,100.0,27.25,B
2021-06-23T13:48:41,1000.0,27.2,S
2021-06-23T13:48:18,200.0,27.2,S
2021-06-23T13:48:18,100.0,27.2,S
2021-06-23T13:46:57,100.0,27.2,S
2021-06-23T13:46:53,6000.0,27.2,S
2021-06-23T13:45:55,1000.0,27.2,S
2021-06-23T13:45:35,500.0,27.2,S
2021-06-23T13:44:17,100.0,27.2,S
2021-06-23T13:42:28,200.0,27.25,B
2021-06-23T13:42:03,3000.0,27.25,B
2021-06-23T13:41:30,100.0,27.2,S
2021-06-23T13:40:25,200.0,27.2,S
2021-06-23T13:40:11,100.0,27.25,B
2021-06-23T13:39:58,1000.0,27.2,S
2021-06-23T13:39:24,100.0,27.25,B
2021-06-23T13:39:24,600.0,27.2,S
2021-06-23T13:37:51,200.0,27.2,B
2021-06-23T13:37:51,1800.0,27.2,B
2021-06-23T13:37:40,600.0,27.2,B
2021-06-23T13:37:14,500.0,27.2,B
2021-06-23T13:36:59,200.0,27.2,B
2021-06-23T13:36:40,100.0,27.2,B
2021-06-23T13:35:09,100.0,27.2,B
2021-06-23T13:32:49,300.0,27.15,B
2021-06-23T13:32:03,1000.0,27.1,S
2021-06-23T13:31:43,1000.0,27.1,S
2021-06-23T13:31:43,900.0,27.1,S
2021-06-23T13:31:43,1100.0,27.1,S
2021-06-23T13:31:43,300.0,27.1,S
2021-06-23T13:31:43,6700.0,27.1,S
2021-06-23T13:31:36,600.0,27.15,B
2021-06-23T13:29:34,1500.0,27.1,S
2021-06-23T13:28:54,1000.0,27.15,B
2021-06-23T13:28:36,1600.0,27.1,S
2021-06-23T13:27:32,4600.0,27.15,B
2021-06-23T13:27:25,2000.0,27.1,S
2021-06-23T13:27:06,1000.0,27.15,B
2021-06-23T13:27:02,400.0,27.1,S
2021-06-23T13:26:58,200.0,27.15,B
2021-06-23T13:26:21,100.0,27.15,B
2021-06-23T13:26:21,400.0,27.15,B
2021-06-23T13:25:55,200.0,27.1,S
2021-06-23T13:25:23,4300.0,27.1,S
2021-06-23T13:25:05,200.0,27.1,S
2021-06-23T13:24:25,1000.0,27.15,B
2021-06-23T13:24:03,500.0,27.1,S
2021-06-23T13:24:03,100.0,27.1,S
2021-06-23T13:23:46,3600.0,27.15,S
2021-06-23T13:22:38,100.0,27.2,B
2021-06-23T13:20:54,100.0,27.15,S
2021-06-23T13:20:23,3000.0,27.15,S
2021-06-23T13:20:19,300.0,27.15,S
2021-06-23T13:20:03,200.0,27.15,S
2021-06-23T13:20:03,300.0,27.15,S
2021-06-23T13:18:48,400.0,27.15,S
2021-06-23T13:18:48,400.0,27.15,S
2021-06-23T13:18:47,4200.0,27.15,S
2021-06-23T13:17:26,5100.0,27.15,S
2021-06-23T13:17:06,100.0,27.2,B
2021-06-23T13:16:41,100.0,27.2,B
2021-06-23T13:16:18,400.0,27.15,S
2021-06-23T13:15:54,200.0,27.2,B
2021-06-23T13:15:34,1000.0,27.15,S
2021-06-23T13:15:33,100.0,27.2,B
2021-06-23T13:14:42,800.0,27.2,B
2021-06-23T13:14:18,100.0,27.2,B
2021-06-23T13:14:07,1600.0,27.2,S
2021-06-23T13:13:07,2300.0,27.2,S
2021-06-23T13:13:07,3600.0,27.2,S
2021-06-23T13:13:07,1300.0,27.2,S
2021-06-23T13:13:07,1100.0,27.2,S
2021-06-23T13:12:41,100.0,27.25,B
2021-06-23T13:12:15,100.0,27.25,B
2021-06-23T13:11:14,1500.0,27.25,B
2021-06-23T13:10:18,300.0,27.2,S
2021-06-23T13:09:41,1000.0,27.2,S
2021-06-23T13:07:15,500.0,27.2,B
2021-06-23T13:07:04,100.0,27.2,B
2021-06-23T13:06:56,2000.0,27.2,B
2021-06-23T13:06:29,200.0,27.2,B
2021-06-23T13:04:53,1500.0,27.15,S
2021-06-23T13:04:32,100.0,27.15,S
2021-06-23T13:04:03,1500.0,27.15,S
2021-06-23T13:03:40,500.0,27.2,B
2021-06-23T13:02:16,1000.0,27.15,S
2021-06-23T13:01:58,500.0,27.15,S
2021-06-23T13:01:47,500.0,27.2,B
2021-06-23T13:01:23,100.0,27.2,B
2021-06-23T13:01:18,100.0,27.2,B
2021-06-23T13:01:06,700.0,27.2,B
2021-06-23T13:01:03,200.0,27.2,B
2021-06-23T13:00:43,200.0,27.2,B
2021-06-23T13:00:27,2500.0,27.2,B
2021-06-23T13:00:24,100.0,27.15,S
2021-06-23T13:00:18,400.0,27.15,S
2021-06-23T13:00:18,100.0,27.2,B
2021-06-23T13:00:14,1000.0,27.2,B
2021-06-23T13:00:10,100.0,27.15,S
2021-06-23T13:00:10,200.0,27.2,B
2021-06-23T13:00:10,1000.0,27.2,B
2021-06-23T13:00:10,100.0,27.2,B
2021-06-23T13:00:10,400.0,27.2,B
2021-06-23T13:00:10,2200.0,27.2,B
2021-06-23T13:00:07,15000.0,27.2,B
2021-06-23T13:00:06,200.0,27.2,B
2021-06-23T13:00:06,300.0,27.2,B
2021-06-23T11:30:08,200.0,27.2,B
2021-06-23T11:29:50,500.0,27.2,B
2021-06-23T11:29:25,100.0,27.2,B
2021-06-23T11:28:13,100.0,27.15,S
2021-06-23T11:28:09,100.0,27.2,B
2021-06-23T11:28:06,100.0,27.2,B
2021-06-23T11:28:02,300.0,27.2,B
2021-06-23T11:27:00,200.0,27.2,B
2021-06-23T11:26:11,600.0,27.2,S
2021-06-23T11:26:11,200.0,27.2,S
2021-06-23T11:26:11,3300.0,27.2,S
2021-06-23T11:26:11,5000.0,27.2,S
2021-06-23T11:26:11,8500.0,27.2,S
2021-06-23T11:25:58,1400.0,27.2,S
2021-06-23T11:24:47,100.0,27.2,S
2021-06-23T11:23:59,2000.0,27.2,S
2021-06-23T11:23:39,5000.0,27.2,S
2021-06-23T11:23:38,5000.0,27.25,B
2021-06-23T11:22:45,1000.0,27.2,S
2021-06-23T11:22:35,2000.0,27.2,S
2021-06-23T11:21:51,900.0,27.2,S
2021-06-23T11:21:51,1100.0,27.2,S
2021-06-23T11:21:13,500.0,27.2,S
2021-06-23T11:20:23,1300.0,27.2,S
2021-06-23T11:20:08,17100.0,27.2,S
2021-06-23T11:20:08,800.0,27.2,S
2021-06-23T11:20:08,500.0,27.2,S
2021-06-23T11:20:07,600.0,27.2,S
2021-06-23T11:19:40,100.0,27.2,S
2021-06-23T11:19:40,100.0,27.2,S
2021-06-23T11:19:40,500.0,27.2,S
2021-06-23T11:19:40,5800.0,27.2,S
2021-06-23T11:19:40,3600.0,27.2,S
2021-06-23T11:19:40,1000.0,27.2,S
2021-06-23T11:19:40,200.0,27.2,S
2021-06-23T11:19:15,1400.0,27.2,S
2021-06-23T11:19:15,700.0,27.2,S
2021-06-23T11:19:15,1000.0,27.2,S
2021-06-23T11:19:15,1900.0,27.2,S
2021-06-23T11:17:55,700.0,27.2,S
2021-06-23T11:16:52,200.0,27.25,B
2021-06-23T11:16:36,500.0,27.25,B
2021-06-23T11:16:29,500.0,27.2,S
2021-06-23T11:16:23,1000.0,27.2,S
2021-06-23T11:16:20,100.0,27.2,S
2021-06-23T11:15:52,500.0,27.2,S
2021-06-23T11:15:51,1000.0,27.2,S
2021-06-23T11:15:44,500.0,27.2,S
2021-06-23T11:15:12,600.0,27.2,S
2021-06-23T11:15:02,300.0,27.2,S
2021-06-23T11:14:48,500.0,27.25,B
2021-06-23T11:14:34,200.0,27.25,B
2021-06-23T11:14:31,1900.0,27.25,B
2021-06-23T11:14:30,900.0,27.25,B
2021-06-23T11:13:27,500.0,27.25,B
2021-06-23T11:13:19,2000.0,27.25,B
2021-06-23T11:12:16,1000.0,27.25,S
2021-06-23T11:12:16,300.0,27.25,S
2021-06-23T11:12:16,6400.0,27.25,S
2021-06-23T11:12:16,7900.0,27.25,S
2021-06-23T11:10:29,300.0,27.25,S
2021-06-23T11:10:23,400.0,27.3,S
2021-06-23T11:10:21,2000.0,27.25,S
2021-06-23T11:09:46,600.0,27.25,S
2021-06-23T11:09:30,100.0,27.25,S
2021-06-23T11:08:03,3100.0,27.25,S
2021-06-23T11:08:03,2100.0,27.3,S
2021-06-23T11:08:03,4200.0,27.3,S
2021-06-23T11:07:17,300.0,27.3,S
2021-06-23T11:07:11,500.0,27.3,S
2021-06-23T11:06:00,10000.0,27.3,S
2021-06-23T11:05:56,100.0,27.35,B
2021-06-23T11:05:19,100.0,27.3,S
2021-06-23T11:04:48,300.0,27.3,S
2021-06-23T11:04:42,100.0,27.35,B
2021-06-23T11:04:25,2000.0,27.35,B
2021-06-23T11:04:09,500.0,27.3,S
2021-06-23T11:03:28,100.0,27.35,B
2021-06-23T11:03:26,1000.0,27.3,S
2021-06-23T11:03:15,500.0,27.3,S
2021-06-23T11:02:17,1000.0,27.3,S
2021-06-23T11:02:06,100.0,27.3,S
2021-06-23T10:59:49,200.0,27.3,S
2021-06-23T10:59:13,400.0,27.3,S
2021-06-23T10:59:00,500.0,27.3,S
2021-06-23T10:57:25,100.0,27.35,B
2021-06-23T10:56:25,500.0,27.3,S
2021-06-23T10:55:30,5500.0,27.3,S
2021-06-23T10:55:03,2500.0,27.3,S
2021-06-23T10:54:50,500.0,27.3,S
2021-06-23T10:54:44,2000.0,27.3,S
2021-06-23T10:53:46,400.0,27.3,S
2021-06-23T10:53:46,100.0,27.3,S
2021-06-23T10:52:32,200.0,27.3,S
2021-06-23T10:52:24,2500.0,27.3,S
2021-06-23T10:51:45,1000.0,27.3,S
2021-06-23T10:51:17,2500.0,27.35,B
2021-06-23T10:50:12,100.0,27.35,B
2021-06-23T10:49:04,1000.0,27.35,B
2021-06-23T10:48:51,100.0,27.35,B
2021-06-23T10:47:18,1000.0,27.35,B
2021-06-23T10:47:10,100.0,27.35,B
2021-06-23T10:46:03,1000.0,27.35,B
2021-06-23T10:45:44,2500.0,27.3,S
2021-06-23T10:44:52,1000.0,27.3,B
2021-06-23T10:44:46,2300.0,27.3,B
2021-06-23T10:44:21,500.0,27.3,B
2021-06-23T10:44:11,100.0,27.3,B
2021-06-23T10:44:11,2500.0,27.3,B
2021-06-23T10:44:08,3000.0,27.3,B
2021-06-23T10:43:37,100.0,27.3,B
2021-06-23T10:43:23,100.0,27.3,B
2021-06-23T10:43:20,500.0,27.3,B
2021-06-23T10:43:20,100.0,27.3,B
2021-06-23T10:43:08,500.0,27.3,B
2021-06-23T10:42:59,500.0,27.3,B
2021-06-23T10:42:31,100.0,27.3,B
2021-06-23T10:42:05,200.0,27.3,B
2021-06-23T10:41:50,400.0,27.3,B
2021-06-23T10:41:50,3400.0,27.3,B
2021-06-23T10:41:50,6200.0,27.3,B
2021-06-23T10:41:44,100.0,27.3,B
2021-06-23T10:41:03,200.0,27.3,B
2021-06-23T10:40:37,200.0,27.3,B
2021-06-23T10:40:34,300.0,27.3,B
2021-06-23T10:39:43,100.0,27.3,B
2021-06-23T10:38:26,400.0,27.25,S
2021-06-23T10:38:26,200.0,27.25,S
2021-06-23T10:38:07,1000.0,27.25,S
2021-06-23T10:37:18,100.0,27.25,S
2021-06-23T10:35:11,2000.0,27.25,B
2021-06-23T10:35:11,700.0,27.25,B
2021-06-23T10:34:27,1200.0,27.25,B
2021-06-23T10:34:27,1300.0,27.25,B
2021-06-23T10:34:26,500.0,27.25,B
2021-06-23T10:34:18,100.0,27.25,B
2021-06-23T10:34:17,500.0,27.25,B
2021-06-23T10:33:19,2000.0,27.25,B
2021-06-23T10:32:42,200.0,27.25,B
2021-06-23T10:32:22,1000.0,27.25,B
2021-06-23T10:32:04,1000.0,27.25,B
2021-06-23T10:32:00,100.0,27.2,S
2021-06-23T10:31:48,500.0,27.25,B
2021-06-23T10:31:38,200.0,27.25,B
2021-06-23T10:30:56,100.0,27.25,B
2021-06-23T10:30:17,400.0,27.25,B
2021-06-23T10:30:12,100.0,27.2,S
2021-06-23T10:30:07,300.0,27.2,S
2021-06-23T10:29:53,1000.0,27.25,B
2021-06-23T10:29:22,400.0,27.2,S
2021-06-23T10:29:17,2500.0,27.25,B
2021-06-23T10:29:17,300.0,27.25,B
2021-06-23T10:29:17,2200.0,27.25,B
2021-06-23T10:28:54,1000.0,27.25,B
2021-06-23T10:28:14,400.0,27.25,B
2021-06-23T10:28:06,2000.0,27.25,B
2021-06-23T10:27:43,100.0,27.25,B
2021-06-23T10:27:07,400.0,27.25,B
2021-06-23T10:26:40,500.0,27.25,B
2021-06-23T10:26:24,100.0,27.25,B
2021-06-23T10:26:14,300.0,27.2,S
2021-06-23T10:25:45,300.0,27.25,B
2021-06-23T10:25:30,200.0,27.2,S
2021-06-23T10:25:19,100.0,27.25,S
2021-06-23T10:24:34,400.0,27.25,S
2021-06-23T10:24:34,200.0,27.25,S
2021-06-23T10:23:57,200.0,27.25,S
2021-06-23T10:23:53,500.0,27.25,S
2021-06-23T10:23:01,100.0,27.25,S
2021-06-23T10:23:01,500.0,27.25,S
2021-06-23T10:23:01,1200.0,27.25,S
2021-06-23T10:22:41,700.0,27.25,S
2021-06-23T10:21:40,100.0,27.25,S
2021-06-23T10:21:06,200.0,27.25,S
2021-06-23T10:20:48,100.0,27.25,S
2021-06-23T10:20:39,600.0,27.25,S
2021-06-23T10:20:39,100.0,27.25,S
2021-06-23T10:20:29,500.0,27.25,S
2021-06-23T10:19:58,100.0,27.25,S
2021-06-23T10:19:46,100.0,27.3,B
2021-06-23T10:19:19,100.0,27.3,B
2021-06-23T10:19:16,500.0,27.3,B
2021-06-23T10:18:58,300.0,27.3,B
2021-06-23T10:18:33,200.0,27.3,B
2021-06-23T10:18:27,300.0,27.3,B
2021-06-23T10:18:25,1000.0,27.3,B
2021-06-23T10:17:38,300.0,27.3,B
2021-06-23T10:17:10,100.0,27.3,B
2021-06-23T10:16:51,900.0,27.3,B
2021-06-23T10:16:47,100.0,27.3,B
2021-06-23T10:16:01,100.0,27.3,B
2021-06-23T10:14:45,100.0,27.3,B
2021-06-23T10:14:41,700.0,27.3,S
2021-06-23T10:14:40,100.0,27.3,S
2021-06-23T10:14:40,1600.0,27.3,S
2021-06-23T10:14:40,2300.0,27.3,S
2021-06-23T10:14:40,800.0,27.3,S
2021-06-23T10:14:16,100.0,27.35,B
2021-06-23T10:14:14,3200.0,27.35,B
2021-06-23T10:14:13,2500.0,27.35,B
2021-06-23T10:14:11,1000.0,27.3,S
2021-06-23T10:13:34,2000.0,27.35,B
2021-06-23T10:13:01,2000.0,27.35,B
2021-06-23T10:12:05,500.0,27.3,S
2021-06-23T10:11:31,400.0,27.3,S
2021-06-23T10:10:59,2000.0,27.3,S
2021-06-23T10:10:35,700.0,27.3,S
2021-06-23T10:09:53,2000.0,27.3,S
2021-06-23T10:09:35,5000.0,27.3,S
2021-06-23T10:09:19,300.0,27.3,S
2021-06-23T10:09:06,400.0,27.3,S
2021-06-23T10:09:06,100.0,27.3,S
2021-06-23T10:09:05,5000.0,27.3,S
2021-06-23T10:07:12,100.0,27.3,S
2021-06-23T10:06:45,100.0,27.35,B
2021-06-23T10:06:02,100.0,27.35,B
2021-06-23T10:05:19,100.0,27.3,S
2021-06-23T10:05:08,2000.0,27.3,S
2021-06-23T10:04:51,3100.0,27.3,S
2021-06-23T10:04:51,300.0,27.3,S
2021-06-23T10:04:51,600.0,27.3,S
2021-06-23T10:04:51,1600.0,27.3,S
2021-06-23T10:04:50,2000.0,27.3,S
2021-06-23T10:04:44,1600.0,27.3,S
2021-06-23T10:04:44,400.0,27.3,S
2021-06-23T10:04:28,200.0,27.3,S
2021-06-23T10:04:11,5000.0,27.35,B
2021-06-23T10:03:56,500.0,27.3,S
2021-06-23T10:03:19,300.0,27.3,S
2021-06-23T10:03:02,1100.0,27.35,S
2021-06-23T10:03:02,2100.0,27.35,S
2021-06-23T10:03:02,2400.0,27.35,S
2021-06-23T10:03:02,200.0,27.35,S
2021-06-23T10:03:02,500.0,27.35,S
2021-06-23T10:03:02,5200.0,27.35,S
2021-06-23T10:02:39,500.0,27.35,S
2021-06-23T10:01:56,900.0,27.35,S
2021-06-23T10:01:54,500.0,27.4,S
2021-06-23T10:01:52,500.0,27.4,S
2021-06-23T10:00:34,100.0,27.4,S
2021-06-23T10:00:20,800.0,27.4,S
2021-06-23T10:00:08,300.0,27.4,S
2021-06-23T09:59:48,500.0,27.45,B
2021-06-23T09:59:18,200.0,27.4,S
2021-06-23T09:59:17,3000.0,27.4,S
2021-06-23T09:58:28,200.0,27.4,S
2021-06-23T09:58:24,600.0,27.4,S
2021-06-23T09:58:08,500.0,27.4,S
2021-06-23T09:57:59,100.0,27.4,S
2021-06-23T09:57:31,600.0,27.4,S
2021-06-23T09:56:58,200.0,27.4,S
2021-06-23T09:56:34,1600.0,27.4,S
2021-06-23T09:56:25,300.0,27.4,S
2021-06-23T09:56:12,2000.0,27.4,S
2021-06-23T09:56:09,500.0,27.45,B
2021-06-23T09:54:44,1000.0,27.4,S
2021-06-23T09:53:50,500.0,27.4,S
2021-06-23T09:53:19,600.0,27.4,S
2021-06-23T09:53:12,1800.0,27.4,S
2021-06-23T09:53:06,1000.0,27.4,S
2021-06-23T09:53:05,400.0,27.4,S
2021-06-23T09:53:04,2300.0,27.4,S
2021-06-23T09:52:11,100.0,27.4,S
2021-06-23T09:51:27,1000.0,27.4,S
2021-06-23T09:50:11,3900.0,27.4,S
2021-06-23T09:50:11,5100.0,27.4,S
2021-06-23T09:49:48,100.0,27.45,S
2021-06-23T09:49:22,3000.0,27.45,S
2021-06-23T09:49:21,200.0,27.5,B
2021-06-23T09:48:59,700.0,27.45,S
2021-06-23T09:47:31,400.0,27.5,B
2021-06-23T09:47:19,200.0,27.45,S
2021-06-23T09:46:55,300.0,27.45,S
2021-06-23T09:46:27,100.0,27.5,B
2021-06-23T09:45:36,500.0,27.45,S
2021-06-23T09:45:36,300.0,27.45,S
2021-06-23T09:45:30,400.0,27.45,S
2021-06-23T09:45:18,200.0,27.45,S
2021-06-23T09:44:16,200.0,27.45,B
2021-06-23T09:44:04,500.0,27.45,B
2021-06-23T09:43:40,1400.0,27.45,S
2021-06-23T09:43:40,100.0,27.45,S
2021-06-23T09:43:40,5900.0,27.45,S
2021-06-23T09:42:51,800.0,27.45,S
2021-06-23T09:42:49,1000.0,27.5,B
2021-06-23T09:41:27,100.0,27.5,B
2021-06-23T09:40:43,1800.0,27.45,S
2021-06-23T09:40:21,600.0,27.5,B
2021-06-23T09:39:51,300.0,27.5,S
2021-06-23T09:39:48,300.0,27.5,S
2021-06-23T09:39:40,3000.0,27.5,S
2021-06-23T09:39:14,2000.0,27.5,B
2021-06-23T09:39:05,100.0,27.5,B
2021-06-23T09:38:58,1000.0,27.5,B
2021-06-23T09:38:58,4000.0,27.5,B
2021-06-23T09:38:05,500.0,27.5,B
2021-06-23T09:37:43,500.0,27.5,B
2021-06-23T09:37:40,100.0,27.5,B
2021-06-23T09:37:09,100.0,27.5,S
2021-06-23T09:37:04,900.0,27.5,S
2021-06-23T09:36:52,4100.0,27.5,S
2021-06-23T09:36:48,300.0,27.55,B
2021-06-23T09:36:45,100.0,27.5,S
2021-06-23T09:36:30,100.0,27.5,S
2021-06-23T09:36:05,700.0,27.5,S
2021-06-23T09:36:05,1300.0,27.5,S
2021-06-23T09:34:35,2500.0,27.55,S
2021-06-23T09:34:35,7000.0,27.55,S
2021-06-23T09:33:10,100.0,27.55,B
2021-06-23T09:32:58,3000.0,27.55,B
2021-06-23T09:32:47,100.0,27.55,B
2021-06-23T09:32:43,2000.0,27.55,B
2021-06-23T09:32:20,2000.0,27.55,B
2021-06-23T09:32:20,600.0,27.55,B
2021-06-23T09:32:20,200.0,27.5,B
2021-06-23T09:32:20,2100.0,27.5,B
2021-06-23T09:32:20,1300.0,27.5,B
2021-06-23T09:32:05,100.0,27.45,S
2021-06-23T09:32:00,400.0,27.45,S
2021-06-23T09:31:03,1200.0,27.5,B
2021-06-23T09:31:03,300.0,27.5,B
2021-06-23T09:31:03,900.0,27.5,B
2021-06-23T09:30:36,10000.0,27.5,B
2021-06-23T09:30:32,800.0,27.45,S
2021-06-23T09:30:32,1800.0,27.45,S
2021-06-23T09:30:32,2400.0,27.45,S
2021-06-23T09:30:19,100.0,27.45,S
2021-06-23T09:29:50,100.0,27.45,S
2021-06-23T09:29:38,4500.0,27.45,S
2021-06-23T09:29:26,600.0,27.5,B
2021-06-23T09:28:38,5000.0,27.45,S
2021-06-23T09:26:40,200.0,27.5,B
2021-06-23T09:24:48,500.0,27.5,B
2021-06-23T09:24:40,5200.0,27.45,S
2021-06-23T09:24:40,3100.0,27.45,S
2021-06-23T09:24:16,300.0,27.45,S
2021-06-23T09:23:57,500.0,27.45,S
2021-06-23T09:23:52,700.0,27.45,S
2021-06-23T09:23:14,700.0,27.45,S
2021-06-23T09:23:00,1000.0,27.45,S
2021-06-23T09:22:20,100.0,27.45,S
2021-06-23T09:22:10,7100.0,27.5,B
2021-06-23T09:21:07,100.0,27.45,S
2021-06-23T09:20:45,1600.0,27.4,S
2021-06-23T09:20:18,300.0,27.4,S
2021-06-23T09:20:12,1800.0,27.4,S
2021-06-23T09:20:11,200.0,27.45,B
2021-06-23T09:20:10,500.0,27.5,B
2021-06-23T09:19:49,500.0,27.45,B
2021-06-23T09:19:47,200.0,27.4,S
2021-06-23T09:19:47,1800.0,27.4,S
2021-06-23T09:19:18,100.0,27.45,B
2021-06-23T09:19:17,1000.0,27.45,B
2021-06-23T09:19:13,7000.0,27.45,S
2021-06-23T09:19:08,1300.0,27.45,S
2021-06-23T09:19:04,500.0,27.45,S
2021-06-23T09:19:02,500.0,27.5,B
2021-06-23T09:19:01,10500.0,27.5,B
2021-06-23T09:18:52,200.0,27.45,S
2021-06-23T09:18:06,100.0,27.45,S
2021-06-23T09:17:45,500.0,27.45,S
2021-06-23T09:17:42,1800.0,27.5,B
2021-06-23T09:17:34,200.0,27.5,B
2021-06-23T09:17:19,4000.0,27.5,B
2021-06-23T09:17:14,100.0,27.5,B
2021-06-23T09:17:02,5000.0,27.5,B
2021-06-23T09:16:42,300.0,27.45,B
2021-06-23T09:16:29,100.0,27.45,S
2021-06-23T09:16:23,200.0,27.45,S
2021-06-23T09:15:52,500.0,27.5,S
2021-06-23T09:15:41,100.0,27.5,S
2021-06-23T09:15:30,500.0,27.5,S
