tradingTime,volume,price,side
2021-06-23T14:20:14,1000.0,6.7,S
2021-06-23T14:20:04,10000.0,6.7,S
2021-06-23T14:19:20,6800.0,6.7,B
2021-06-23T14:19:15,16000.0,6.7,B
2021-06-23T14:19:08,2000.0,6.7,B
2021-06-23T14:18:28,300.0,6.7,B
2021-06-23T14:18:24,200.0,6.7,B
2021-06-23T14:18:11,1000.0,6.7,B
2021-06-23T14:18:01,100.0,6.7,B
2021-06-23T14:17:43,100.0,6.7,B
2021-06-23T14:17:39,100.0,6.7,S
2021-06-23T14:17:36,1000.0,6.7,S
2021-06-23T14:17:36,2400.0,6.7,S
2021-06-23T14:17:31,7600.0,6.7,B
2021-06-23T14:17:27,5000.0,6.7,B
2021-06-23T14:17:25,100.0,6.7,B
2021-06-23T14:16:22,300.0,6.7,B
2021-06-23T14:16:09,4400.0,6.7,S
2021-06-23T14:16:09,5000.0,6.7,S
2021-06-23T14:16:09,35800.0,6.7,S
2021-06-23T14:16:09,500.0,6.7,S
2021-06-23T14:16:09,6600.0,6.7,S
2021-06-23T14:16:09,8700.0,6.7,S
2021-06-23T14:16:09,11000.0,6.71,S
2021-06-23T14:16:09,15500.0,6.71,S
2021-06-23T14:16:00,4000.0,6.72,B
2021-06-23T14:15:58,500.0,6.72,B
2021-06-23T14:15:53,10000.0,6.72,B
2021-06-23T14:14:34,1000.0,6.71,B
2021-06-23T14:14:33,2000.0,6.71,B
2021-06-23T14:14:17,1000.0,6.71,B
2021-06-23T14:14:13,600.0,6.71,B
2021-06-23T14:13:51,1000.0,6.7,S
2021-06-23T14:13:27,4000.0,6.7,S
2021-06-23T14:13:19,500.0,6.71,B
2021-06-23T14:13:14,1000.0,6.71,B
2021-06-23T14:12:55,2000.0,6.71,B
2021-06-23T14:12:52,500.0,6.71,B
2021-06-23T14:12:33,500.0,6.71,B
2021-06-23T14:11:35,4000.0,6.7,S
2021-06-23T14:11:32,500.0,6.71,B
2021-06-23T14:10:44,500.0,6.7,S
2021-06-23T14:10:37,200.0,6.7,S
2021-06-23T14:10:27,8800.0,6.7,B
2021-06-23T14:10:22,1000.0,6.7,B
2021-06-23T14:09:54,2000.0,6.7,B
2021-06-23T14:09:10,2000.0,6.7,B
2021-06-23T14:08:46,2000.0,6.7,B
2021-06-23T14:08:20,500.0,6.7,B
2021-06-23T14:08:12,1000.0,6.7,B
2021-06-23T14:08:08,600.0,6.68,S
2021-06-23T14:07:54,500.0,6.7,B
2021-06-23T14:07:40,6400.0,6.68,S
2021-06-23T14:07:40,3600.0,6.69,S
2021-06-23T14:07:40,200.0,6.7,B
2021-06-23T14:07:32,500.0,6.69,S
2021-06-23T14:07:07,2500.0,6.7,B
2021-06-23T14:07:04,5800.0,6.7,S
2021-06-23T14:06:37,1000.0,6.7,B
2021-06-23T14:06:37,200.0,6.7,B
2021-06-23T14:05:00,5000.0,6.68,S
2021-06-23T14:04:35,500.0,6.69,S
2021-06-23T14:04:10,4000.0,6.68,S
2021-06-23T14:04:06,100.0,6.68,S
2021-06-23T14:03:23,400.0,6.68,S
2021-06-23T14:03:23,2000.0,6.68,S
2021-06-23T14:03:23,7500.0,6.68,S
2021-06-23T14:03:23,3300.0,6.68,S
2021-06-23T14:03:23,200.0,6.7,S
2021-06-23T14:03:23,40500.0,6.7,S
2021-06-23T14:03:23,3100.0,6.7,S
2021-06-23T14:03:23,1100.0,6.7,S
2021-06-23T14:03:23,16500.0,6.7,S
2021-06-23T14:03:23,6700.0,6.7,S
2021-06-23T14:03:23,6500.0,6.71,S
2021-06-23T14:03:23,2200.0,6.71,S
2021-06-23T14:03:09,800.0,6.71,S
2021-06-23T14:03:03,2000.0,6.72,B
2021-06-23T14:02:17,2000.0,6.72,B
2021-06-23T14:00:09,5400.0,6.74,B
2021-06-23T14:00:02,100.0,6.74,B
2021-06-23T13:59:23,400.0,6.74,B
2021-06-23T13:59:18,600.0,6.74,B
2021-06-23T13:59:10,2000.0,6.74,B
2021-06-23T13:59:01,1300.0,6.74,S
2021-06-23T13:59:00,400.0,6.74,S
2021-06-23T13:58:52,7000.0,6.74,S
2021-06-23T13:58:51,1500.0,6.74,S
2021-06-23T13:58:40,700.0,6.74,S
2021-06-23T13:56:57,100.0,6.75,B
2021-06-23T13:56:45,3000.0,6.75,S
2021-06-23T13:56:44,300.0,6.75,S
2021-06-23T13:56:30,3000.0,6.75,S
2021-06-23T13:56:30,5100.0,6.75,S
2021-06-23T13:56:30,200.0,6.75,S
2021-06-23T13:56:29,4000.0,6.75,S
2021-06-23T13:56:28,3500.0,6.76,S
2021-06-23T13:56:16,1500.0,6.76,S
2021-06-23T13:56:16,100.0,6.76,S
2021-06-23T13:55:42,1400.0,6.76,S
2021-06-23T13:54:39,1000.0,6.76,S
2021-06-23T13:54:24,100.0,6.77,B
2021-06-23T13:54:14,20000.0,6.76,S
2021-06-23T13:53:03,100.0,6.77,B
2021-06-23T13:52:53,800.0,6.77,S
2021-06-23T13:52:53,1100.0,6.77,S
2021-06-23T13:52:40,2000.0,6.78,B
2021-06-23T13:52:39,200.0,6.77,S
2021-06-23T13:52:31,100.0,6.78,B
2021-06-23T13:50:27,200.0,6.78,B
2021-06-23T13:50:14,700.0,6.77,S
2021-06-23T13:46:53,1000.0,6.77,S
2021-06-23T13:46:32,1000.0,6.77,S
2021-06-23T13:46:22,2000.0,6.77,S
2021-06-23T13:45:38,600.0,6.76,S
2021-06-23T13:45:38,1400.0,6.76,S
2021-06-23T13:44:57,3000.0,6.76,S
2021-06-23T13:43:27,2500.0,6.78,B
2021-06-23T13:43:03,100.0,6.78,B
2021-06-23T13:41:52,1100.0,6.76,S
2021-06-23T13:39:46,300.0,6.75,S
2021-06-23T13:39:04,1400.0,6.75,B
2021-06-23T13:38:18,100.0,6.75,B
2021-06-23T13:37:55,500.0,6.75,B
2021-06-23T13:37:31,900.0,6.7,S
2021-06-23T13:37:31,2900.0,6.7,S
2021-06-23T13:37:31,4000.0,6.71,S
2021-06-23T13:37:31,3000.0,6.71,S
2021-06-23T13:37:31,10100.0,6.71,S
2021-06-23T13:37:31,5000.0,6.71,S
2021-06-23T13:37:30,500.0,6.71,S
2021-06-23T13:37:30,73600.0,6.73,S
2021-06-23T13:37:15,100.0,6.78,B
2021-06-23T13:36:45,2500.0,6.75,B
2021-06-23T13:36:27,700.0,6.75,B
2021-06-23T13:36:23,100.0,6.75,B
2021-06-23T13:36:15,1000.0,6.75,B
2021-06-23T13:36:15,1000.0,6.75,B
2021-06-23T13:36:10,1500.0,6.75,B
2021-06-23T13:36:01,4200.0,6.75,S
2021-06-23T13:35:59,200.0,6.77,B
2021-06-23T13:35:17,200.0,6.75,B
2021-06-23T13:34:56,10600.0,6.74,B
2021-06-23T13:34:39,5000.0,6.74,B
2021-06-23T13:34:10,1000.0,6.74,B
2021-06-23T13:34:03,6600.0,6.74,B
2021-06-23T13:33:30,1000.0,6.74,B
2021-06-23T13:33:29,1000.0,6.71,S
2021-06-23T13:33:27,3000.0,6.74,B
2021-06-23T13:33:26,1500.0,6.74,B
2021-06-23T13:32:36,28500.0,6.71,B
2021-06-23T13:32:27,1400.0,6.7,S
2021-06-23T13:32:10,5000.0,6.71,B
2021-06-23T13:32:01,16800.0,6.7,B
2021-06-23T13:32:00,19000.0,6.7,B
2021-06-23T13:31:49,100.0,6.7,B
2021-06-23T13:31:47,10000.0,6.7,B
2021-06-23T13:31:40,100.0,6.7,B
2021-06-23T13:31:34,2000.0,6.7,B
2021-06-23T13:31:05,1000.0,6.7,B
2021-06-23T13:31:04,10000.0,6.7,B
2021-06-23T13:30:48,2000.0,6.7,B
2021-06-23T13:30:47,500.0,6.7,B
2021-06-23T13:30:29,100.0,6.7,B
2021-06-23T13:30:29,500.0,6.7,B
2021-06-23T13:29:50,100.0,6.7,B
2021-06-23T13:29:50,100.0,6.7,B
2021-06-23T13:28:10,100.0,6.7,B
2021-06-23T13:27:29,300.0,6.7,B
2021-06-23T13:26:36,1000.0,6.7,B
2021-06-23T13:26:17,100.0,6.7,B
2021-06-23T13:26:10,100.0,6.7,B
2021-06-23T13:25:58,7600.0,6.68,S
2021-06-23T13:25:37,5000.0,6.7,B
2021-06-23T13:25:32,9700.0,6.68,S
2021-06-23T13:25:32,300.0,6.68,S
2021-06-23T13:24:47,5000.0,6.68,S
2021-06-23T13:24:38,1500.0,6.7,S
2021-06-23T13:24:38,5700.0,6.7,S
2021-06-23T13:24:38,1000.0,6.7,S
2021-06-23T13:24:38,3100.0,6.7,S
2021-06-23T13:24:37,200.0,6.7,S
2021-06-23T13:24:37,15700.0,6.7,S
2021-06-23T13:24:37,1100.0,6.7,S
2021-06-23T13:24:37,6100.0,6.7,S
2021-06-23T13:24:37,300.0,6.7,S
2021-06-23T13:24:37,5000.0,6.7,S
2021-06-23T13:24:37,200.0,6.7,S
2021-06-23T13:24:37,4000.0,6.7,S
2021-06-23T13:24:37,10000.0,6.7,S
2021-06-23T13:24:37,11500.0,6.7,S
2021-06-23T13:24:37,15000.0,6.7,S
2021-06-23T13:24:37,1400.0,6.7,S
2021-06-23T13:23:54,5000.0,6.71,B
2021-06-23T13:23:28,500.0,6.71,B
2021-06-23T13:22:42,300.0,6.71,S
2021-06-23T13:22:27,10700.0,6.71,S
2021-06-23T13:22:23,1300.0,6.72,S
2021-06-23T13:20:41,10000.0,6.72,S
2021-06-23T13:20:27,4000.0,6.72,S
2021-06-23T13:18:57,300.0,6.74,S
2021-06-23T13:18:57,700.0,6.75,B
2021-06-23T13:18:46,200.0,6.75,B
2021-06-23T13:18:36,1000.0,6.75,B
2021-06-23T13:17:11,100.0,6.75,B
2021-06-23T13:17:01,100.0,6.75,S
2021-06-23T13:17:01,300.0,6.75,S
2021-06-23T13:16:39,100.0,6.75,S
2021-06-23T13:16:35,100.0,6.75,S
2021-06-23T13:16:32,100.0,6.75,S
2021-06-23T13:16:22,200.0,6.75,S
2021-06-23T13:16:21,100.0,6.75,S
2021-06-23T13:16:10,1000.0,6.75,S
2021-06-23T13:16:09,100.0,6.75,S
2021-06-23T13:15:18,7000.0,6.75,B
2021-06-23T13:12:19,600.0,6.78,B
2021-06-23T13:11:16,1000.0,6.76,B
2021-06-23T13:10:55,100.0,6.76,B
2021-06-23T13:10:54,1300.0,6.72,S
2021-06-23T13:10:54,3700.0,6.72,S
2021-06-23T13:10:38,400.0,6.76,B
2021-06-23T13:09:41,100.0,6.76,B
2021-06-23T13:09:07,1800.0,6.76,B
2021-06-23T13:09:07,200.0,6.76,B
2021-06-23T13:08:42,5000.0,6.76,B
2021-06-23T13:08:11,100.0,6.76,B
2021-06-23T13:07:54,1000.0,6.76,B
2021-06-23T13:06:13,1000.0,6.76,B
2021-06-23T13:06:13,200.0,6.76,B
2021-06-23T13:06:09,7500.0,6.76,S
2021-06-23T13:06:07,4500.0,6.77,B
2021-06-23T13:05:06,600.0,6.76,B
2021-06-23T13:03:49,14100.0,6.76,B
2021-06-23T13:03:49,1900.0,6.75,B
2021-06-23T13:03:44,100.0,6.75,B
2021-06-23T13:01:29,100.0,6.72,S
2021-06-23T13:00:27,200.0,6.71,S
2021-06-23T13:00:20,200.0,6.75,B
2021-06-23T13:00:18,3000.0,6.71,S
2021-06-23T13:00:10,100.0,6.71,S
2021-06-23T11:29:52,1900.0,6.71,B
2021-06-23T11:29:50,1000.0,6.71,B
2021-06-23T11:29:35,100.0,6.71,B
2021-06-23T11:29:25,1000.0,6.71,B
2021-06-23T11:29:25,1200.0,6.71,B
2021-06-23T11:28:58,3600.0,6.71,S
2021-06-23T11:28:58,6500.0,6.72,S
2021-06-23T11:28:58,4700.0,6.72,S
2021-06-23T11:28:39,3000.0,6.75,B
2021-06-23T11:28:35,3900.0,6.74,S
2021-06-23T11:27:35,1300.0,6.74,B
2021-06-23T11:27:28,1500.0,6.72,B
2021-06-23T11:27:10,200.0,6.72,B
2021-06-23T11:27:07,200.0,6.72,B
2021-06-23T11:26:52,200.0,6.72,B
2021-06-23T11:26:52,2900.0,6.72,B
2021-06-23T11:26:49,200.0,6.72,B
2021-06-23T11:26:16,200.0,6.72,B
2021-06-23T11:26:15,100.0,6.72,B
2021-06-23T11:26:14,100.0,6.7,S
2021-06-23T11:26:14,200.0,6.72,B
2021-06-23T11:26:11,4600.0,6.7,S
2021-06-23T11:26:11,1000.0,6.7,S
2021-06-23T11:26:11,19200.0,6.7,S
2021-06-23T11:26:11,4000.0,6.7,S
2021-06-23T11:26:11,1500.0,6.7,S
2021-06-23T11:26:11,700.0,6.7,S
2021-06-23T11:26:11,10700.0,6.71,S
2021-06-23T11:25:49,200.0,6.72,B
2021-06-23T11:25:39,15000.0,6.71,S
2021-06-23T11:25:32,100.0,6.71,S
2021-06-23T11:25:29,3000.0,6.72,B
2021-06-23T11:25:28,500.0,6.72,B
2021-06-23T11:25:14,300.0,6.72,B
2021-06-23T11:24:48,3000.0,6.72,S
2021-06-23T11:24:35,800.0,6.72,S
2021-06-23T11:24:35,3600.0,6.72,S
2021-06-23T11:24:24,4900.0,6.72,S
2021-06-23T11:24:16,1000.0,6.71,S
2021-06-23T11:24:16,21400.0,6.71,S
2021-06-23T11:23:43,1000.0,6.72,S
2021-06-23T11:23:33,200.0,6.72,S
2021-06-23T11:22:35,100.0,6.72,S
2021-06-23T11:22:00,200.0,6.72,S
2021-06-23T11:21:56,5000.0,6.73,S
2021-06-23T11:21:48,100.0,6.72,S
2021-06-23T11:20:57,200.0,6.72,S
2021-06-23T11:20:56,100.0,6.72,S
2021-06-23T11:20:44,19100.0,6.72,S
2021-06-23T11:20:39,800.0,6.73,S
2021-06-23T11:20:23,10000.0,6.73,S
2021-06-23T11:20:11,200.0,6.74,S
2021-06-23T11:18:05,7200.0,6.72,S
2021-06-23T11:18:05,500.0,6.72,S
2021-06-23T11:18:05,5000.0,6.72,S
2021-06-23T11:18:05,1100.0,6.72,S
2021-06-23T11:18:05,11200.0,6.72,S
2021-06-23T11:17:57,1000.0,6.75,B
2021-06-23T11:17:53,6400.0,6.75,B
2021-06-23T11:17:14,4100.0,6.75,B
2021-06-23T11:16:48,3100.0,6.75,B
2021-06-23T11:15:52,300.0,6.75,B
2021-06-23T11:15:08,2000.0,6.75,B
2021-06-23T11:15:00,2500.0,6.73,S
2021-06-23T11:14:15,3000.0,6.75,B
2021-06-23T11:14:06,300.0,6.75,B
2021-06-23T11:13:47,3700.0,6.75,B
2021-06-23T11:13:08,2000.0,6.75,B
2021-06-23T11:13:08,3000.0,6.75,B
2021-06-23T11:12:48,200.0,6.75,B
2021-06-23T11:12:48,19000.0,6.72,S
2021-06-23T11:11:45,3600.0,6.72,S
2021-06-23T11:11:14,7500.0,6.72,S
2021-06-23T11:11:01,5000.0,6.74,S
2021-06-23T11:09:43,800.0,6.72,S
2021-06-23T11:09:42,1000.0,6.72,S
2021-06-23T11:09:23,200.0,6.72,S
2021-06-23T11:09:01,500.0,6.72,S
2021-06-23T11:08:33,1000.0,6.75,B
2021-06-23T11:08:19,100.0,6.74,S
2021-06-23T11:07:46,200.0,6.7,S
2021-06-23T11:07:42,500.0,6.74,S
2021-06-23T11:07:35,2000.0,6.7,S
2021-06-23T11:07:09,2500.0,6.7,S
2021-06-23T11:07:05,10000.0,6.63,S
2021-06-23T11:07:03,500.0,6.7,S
2021-06-23T11:06:54,13200.0,6.7,S
2021-06-23T11:06:54,41700.0,6.7,S
2021-06-23T11:06:54,15100.0,6.7,S
2021-06-23T11:06:53,30000.0,6.75,B
2021-06-23T11:06:53,1000.0,6.75,B
2021-06-23T11:06:48,100.0,6.75,B
2021-06-23T11:06:45,134000.0,6.7,S
2021-06-23T11:06:41,500.0,6.75,B
2021-06-23T11:06:21,200.0,6.75,S
2021-06-23T11:06:09,13700.0,6.75,S
2021-06-23T11:06:08,500.0,6.76,S
2021-06-23T11:06:03,200.0,6.76,S
2021-06-23T11:05:48,9200.0,6.76,S
2021-06-23T11:05:42,14800.0,6.76,S
2021-06-23T11:05:42,5200.0,6.76,S
2021-06-23T11:05:40,500.0,6.77,S
2021-06-23T11:05:21,4000.0,6.76,S
2021-06-23T11:05:16,10000.0,6.77,S
2021-06-23T11:05:07,100.0,6.78,B
2021-06-23T11:05:02,5800.0,6.77,S
2021-06-23T11:04:58,2000.0,6.77,S
2021-06-23T11:04:33,1000.0,6.78,B
2021-06-23T11:04:27,100.0,6.78,B
2021-06-23T11:04:04,3800.0,6.78,S
2021-06-23T11:03:50,13200.0,6.78,S
2021-06-23T11:03:50,16800.0,6.78,S
2021-06-23T11:03:36,5000.0,6.78,S
2021-06-23T11:03:16,1800.0,6.79,S
2021-06-23T11:03:13,10000.0,6.79,S
2021-06-23T11:02:54,800.0,6.79,S
2021-06-23T11:02:54,2500.0,6.79,S
2021-06-23T11:02:48,1000.0,6.79,S
2021-06-23T11:02:23,6000.0,6.79,S
2021-06-23T11:01:19,100.0,6.8,S
2021-06-23T11:01:19,1400.0,6.8,S
2021-06-23T11:01:06,100.0,6.8,S
2021-06-23T11:01:06,200.0,6.8,S
2021-06-23T11:00:21,2300.0,6.8,S
2021-06-23T11:00:15,3000.0,6.8,B
2021-06-23T11:00:00,10000.0,6.79,S
2021-06-23T11:00:00,600.0,6.8,B
2021-06-23T10:59:58,5000.0,6.8,B
2021-06-23T10:59:41,300.0,6.8,B
2021-06-23T10:59:38,3100.0,6.8,S
2021-06-23T10:58:58,200.0,6.8,B
2021-06-23T10:58:51,200.0,6.8,B
2021-06-23T10:58:51,200.0,6.79,S
2021-06-23T10:58:14,500.0,6.79,S
2021-06-23T10:57:54,4000.0,6.8,S
2021-06-23T10:57:54,8600.0,6.8,S
2021-06-23T10:57:54,10600.0,6.8,S
2021-06-23T10:57:53,4800.0,6.8,S
2021-06-23T10:57:53,1800.0,6.82,S
2021-06-23T10:57:33,100.0,6.82,B
2021-06-23T10:56:54,200.0,6.82,B
2021-06-23T10:56:54,1500.0,6.82,B
2021-06-23T10:56:54,1400.0,6.82,B
2021-06-23T10:56:44,100.0,6.82,B
2021-06-23T10:56:35,10000.0,6.8,S
2021-06-23T10:55:03,200.0,6.82,B
2021-06-23T10:54:08,2200.0,6.8,S
2021-06-23T10:54:08,1500.0,6.8,S
2021-06-23T10:54:06,5000.0,6.8,S
2021-06-23T10:54:01,1000.0,6.8,S
2021-06-23T10:53:45,1300.0,6.8,S
2021-06-23T10:53:45,6400.0,6.8,S
2021-06-23T10:53:45,3900.0,6.8,S
2021-06-23T10:53:45,4800.0,6.81,S
2021-06-23T10:53:36,500.0,6.82,S
2021-06-23T10:53:30,500.0,6.84,B
2021-06-23T10:53:28,2100.0,6.82,S
2021-06-23T10:52:55,1600.0,6.82,S
2021-06-23T10:52:46,100.0,6.8,S
2021-06-23T10:52:37,10000.0,6.8,S
2021-06-23T10:52:35,300.0,6.8,S
2021-06-23T10:52:23,5000.0,6.8,S
2021-06-23T10:49:59,1400.0,6.8,S
2021-06-23T10:49:59,6200.0,6.8,S
2021-06-23T10:49:59,1000.0,6.8,S
2021-06-23T10:49:59,7500.0,6.8,S
2021-06-23T10:49:59,6000.0,6.8,S
2021-06-23T10:49:59,200.0,6.8,S
2021-06-23T10:49:59,2000.0,6.8,S
2021-06-23T10:49:59,3300.0,6.8,S
2021-06-23T10:49:59,3200.0,6.8,S
2021-06-23T10:49:59,400.0,6.81,S
2021-06-23T10:49:59,18800.0,6.81,S
2021-06-23T10:49:33,2600.0,6.84,B
2021-06-23T10:49:13,3000.0,6.83,S
2021-06-23T10:48:53,17400.0,6.84,S
2021-06-23T10:47:37,200.0,6.86,S
2021-06-23T10:47:36,500.0,6.86,S
2021-06-23T10:47:20,500.0,6.87,B
2021-06-23T10:46:30,100.0,6.87,B
2021-06-23T10:46:26,1000.0,6.87,B
2021-06-23T10:46:13,1000.0,6.87,B
2021-06-23T10:45:45,200.0,6.87,B
2021-06-23T10:45:23,1000.0,6.87,B
2021-06-23T10:44:23,400.0,6.87,B
2021-06-23T10:43:22,2900.0,6.87,B
2021-06-23T10:43:20,1600.0,6.83,S
2021-06-23T10:43:04,500.0,6.83,S
2021-06-23T10:41:45,14300.0,6.8,B
2021-06-23T10:41:28,5000.0,6.8,B
2021-06-23T10:41:18,2000.0,6.8,B
2021-06-23T10:41:10,1500.0,6.8,B
2021-06-23T10:41:10,1000.0,6.8,B
2021-06-23T10:41:06,3000.0,6.8,B
2021-06-23T10:41:00,300.0,6.8,B
2021-06-23T10:40:46,1000.0,6.8,B
2021-06-23T10:40:41,100.0,6.8,B
2021-06-23T10:40:39,300.0,6.8,B
2021-06-23T10:40:39,3000.0,6.8,B
2021-06-23T10:40:37,100.0,6.8,B
2021-06-23T10:40:07,3000.0,6.8,B
2021-06-23T10:40:06,3000.0,6.8,S
2021-06-23T10:40:06,100.0,6.8,S
2021-06-23T10:40:06,15200.0,6.8,S
2021-06-23T10:40:06,1100.0,6.8,S
2021-06-23T10:40:06,600.0,6.8,S
2021-06-23T10:40:06,7000.0,6.8,S
2021-06-23T10:40:06,2100.0,6.8,S
2021-06-23T10:40:06,1200.0,6.8,S
2021-06-23T10:40:06,7000.0,6.8,S
2021-06-23T10:40:06,300.0,6.8,S
2021-06-23T10:40:06,5100.0,6.8,S
2021-06-23T10:40:06,20100.0,6.8,S
2021-06-23T10:40:03,20000.0,6.81,S
2021-06-23T10:39:43,8300.0,6.81,S
2021-06-23T10:39:43,16700.0,6.81,S
2021-06-23T10:39:38,5000.0,6.81,S
2021-06-23T10:38:59,3000.0,6.81,S
2021-06-23T10:38:57,5000.0,6.85,B
2021-06-23T10:38:39,100.0,6.81,S
2021-06-23T10:38:33,1100.0,6.81,S
2021-06-23T10:38:33,5500.0,6.81,S
2021-06-23T10:38:32,14600.0,6.81,S
2021-06-23T10:38:32,3900.0,6.82,S
2021-06-23T10:38:32,200.0,6.83,S
2021-06-23T10:38:32,9600.0,6.83,S
2021-06-23T10:38:32,3100.0,6.83,S
2021-06-23T10:38:32,12000.0,6.83,S
2021-06-23T10:38:32,10000.0,6.83,S
2021-06-23T10:38:10,900.0,6.84,S
2021-06-23T10:36:43,6600.0,6.84,B
2021-06-23T10:36:37,7600.0,6.84,B
2021-06-23T10:36:26,1000.0,6.84,B
2021-06-23T10:36:23,2000.0,6.84,B
2021-06-23T10:36:00,3200.0,6.84,B
2021-06-23T10:35:59,800.0,6.84,B
2021-06-23T10:35:16,1200.0,6.84,B
2021-06-23T10:35:16,8800.0,6.84,B
2021-06-23T10:35:06,700.0,6.83,S
2021-06-23T10:35:01,200.0,6.84,B
2021-06-23T10:34:39,1000.0,6.84,B
2021-06-23T10:34:30,2000.0,6.84,B
2021-06-23T10:34:08,2600.0,6.84,B
2021-06-23T10:34:01,500.0,6.84,B
2021-06-23T10:33:59,800.0,6.83,S
2021-06-23T10:33:49,18000.0,6.84,B
2021-06-23T10:33:16,3000.0,6.84,B
2021-06-23T10:33:07,5000.0,6.83,S
2021-06-23T10:32:46,3000.0,6.83,S
2021-06-23T10:32:31,5000.0,6.83,S
2021-06-23T10:32:31,500.0,6.84,S
2021-06-23T10:32:31,31000.0,6.84,S
2021-06-23T10:32:31,1200.0,6.84,S
2021-06-23T10:32:31,700.0,6.85,S
2021-06-23T10:32:31,6000.0,6.85,S
2021-06-23T10:32:31,25700.0,6.85,S
2021-06-23T10:32:20,10000.0,6.87,B
2021-06-23T10:32:19,5000.0,6.86,S
2021-06-23T10:31:33,200.0,6.87,B
2021-06-23T10:31:28,3000.0,6.86,S
2021-06-23T10:31:26,100.0,6.87,B
2021-06-23T10:31:18,4000.0,6.86,S
2021-06-23T10:31:00,20000.0,6.86,S
2021-06-23T10:30:54,1100.0,6.87,B
2021-06-23T10:29:53,1000.0,6.87,B
2021-06-23T10:29:20,500.0,6.85,B
2021-06-23T10:29:17,2000.0,6.85,B
2021-06-23T10:29:13,1000.0,6.85,B
2021-06-23T10:29:10,100.0,6.85,B
2021-06-23T10:29:06,2000.0,6.84,S
2021-06-23T10:28:49,100.0,6.85,B
2021-06-23T10:28:40,1000.0,6.85,B
2021-06-23T10:28:33,2000.0,6.85,S
2021-06-23T10:28:33,1900.0,6.85,S
2021-06-23T10:28:33,81000.0,6.85,S
2021-06-23T10:28:33,2700.0,6.86,S
2021-06-23T10:28:33,6100.0,6.86,S
2021-06-23T10:28:33,1600.0,6.87,S
2021-06-23T10:28:09,100.0,6.88,B
2021-06-23T10:27:57,400.0,6.88,B
2021-06-23T10:27:56,1400.0,6.88,B
2021-06-23T10:27:42,1000.0,6.87,S
2021-06-23T10:27:20,300.0,6.88,B
2021-06-23T10:26:39,7300.0,6.88,B
2021-06-23T10:26:24,7200.0,6.87,S
2021-06-23T10:24:13,3500.0,6.87,B
2021-06-23T10:24:12,100.0,6.87,B
2021-06-23T10:23:58,400.0,6.87,B
2021-06-23T10:23:55,30000.0,6.85,S
2021-06-23T10:23:16,6000.0,6.88,B
2021-06-23T10:22:54,1000.0,6.88,B
2021-06-23T10:22:24,500.0,6.86,B
2021-06-23T10:22:23,1300.0,6.86,B
2021-06-23T10:21:52,10000.0,6.86,B
2021-06-23T10:21:50,1000.0,6.86,B
2021-06-23T10:21:41,1100.0,6.86,B
2021-06-23T10:21:37,1700.0,6.85,S
2021-06-23T10:21:37,8800.0,6.85,S
2021-06-23T10:21:37,9000.0,6.85,S
2021-06-23T10:21:37,1000.0,6.85,S
2021-06-23T10:21:37,3300.0,6.85,S
2021-06-23T10:21:36,2000.0,6.85,S
2021-06-23T10:21:22,1600.0,6.86,S
2021-06-23T10:21:10,20000.0,6.86,S
2021-06-23T10:21:03,8700.0,6.86,S
2021-06-23T10:21:03,300.0,6.86,S
2021-06-23T10:21:03,1000.0,6.87,S
2021-06-23T10:20:47,5000.0,6.88,B
2021-06-23T10:20:44,500.0,6.88,B
2021-06-23T10:20:15,500.0,6.88,S
2021-06-23T10:20:06,3000.0,6.88,S
2021-06-23T10:20:06,5200.0,6.88,S
2021-06-23T10:20:06,1400.0,6.88,S
2021-06-23T10:20:06,7300.0,6.88,S
2021-06-23T10:20:04,5000.0,6.89,B
2021-06-23T10:19:42,200.0,6.88,S
2021-06-23T10:19:41,300.0,6.89,B
2021-06-23T10:19:27,5000.0,6.89,B
2021-06-23T10:18:21,1000.0,6.88,S
2021-06-23T10:18:12,2000.0,6.89,S
2021-06-23T10:18:12,20000.0,6.89,S
2021-06-23T10:18:12,5500.0,6.89,S
2021-06-23T10:18:12,2400.0,6.89,S
2021-06-23T10:18:12,6200.0,6.9,S
2021-06-23T10:17:31,3000.0,6.9,S
2021-06-23T10:16:46,300.0,6.9,S
2021-06-23T10:16:15,8400.0,6.9,S
2021-06-23T10:16:15,6500.0,6.9,S
2021-06-23T10:16:15,35100.0,6.9,S
2021-06-23T10:14:57,1000.0,6.92,B
2021-06-23T10:14:08,1000.0,6.92,B
2021-06-23T10:13:48,100.0,6.92,B
2021-06-23T10:13:25,1000.0,6.92,B
2021-06-23T10:12:57,2000.0,6.92,B
2021-06-23T10:12:51,5000.0,6.91,S
2021-06-23T10:12:33,1300.0,6.92,B
2021-06-23T10:11:55,100.0,6.92,B
2021-06-23T10:11:05,7200.0,6.91,S
2021-06-23T10:10:45,2400.0,6.92,B
2021-06-23T10:10:14,100.0,6.91,S
2021-06-23T10:09:14,300.0,6.91,S
2021-06-23T10:08:37,1000.0,6.9,S
2021-06-23T10:08:23,5000.0,6.91,S
2021-06-23T10:07:49,4700.0,6.91,B
2021-06-23T10:07:25,10000.0,6.91,B
2021-06-23T10:06:45,3000.0,6.9,S
2021-06-23T10:06:38,500.0,6.9,B
2021-06-23T10:06:35,1400.0,6.9,B
2021-06-23T10:06:31,1000.0,6.9,B
2021-06-23T10:06:24,3200.0,6.9,B
2021-06-23T10:06:04,5000.0,6.9,B
2021-06-23T10:05:59,100.0,6.89,S
2021-06-23T10:05:40,40000.0,6.9,B
2021-06-23T10:05:17,200.0,6.9,B
2021-06-23T10:05:06,500.0,6.9,B
2021-06-23T10:05:04,600.0,6.9,B
2021-06-23T10:04:55,500.0,6.9,B
2021-06-23T10:04:39,100.0,6.9,B
2021-06-23T10:03:49,3000.0,6.9,B
2021-06-23T10:03:49,500.0,6.9,B
2021-06-23T10:03:10,500.0,6.9,B
2021-06-23T10:03:05,500.0,6.9,B
2021-06-23T10:02:00,1000.0,6.9,B
2021-06-23T10:01:13,2000.0,6.9,B
2021-06-23T10:01:03,2100.0,6.89,S
2021-06-23T10:00:58,1000.0,6.89,S
2021-06-23T09:59:51,1000.0,6.89,B
2021-06-23T09:59:49,4600.0,6.89,B
2021-06-23T09:59:48,2000.0,6.88,S
2021-06-23T09:59:29,400.0,6.89,B
2021-06-23T09:59:28,600.0,6.89,B
2021-06-23T09:59:26,500.0,6.89,B
2021-06-23T09:59:23,100.0,6.89,B
2021-06-23T09:59:17,1100.0,6.88,S
2021-06-23T09:59:17,900.0,6.88,S
2021-06-23T09:59:07,500.0,6.89,B
2021-06-23T09:58:53,10000.0,6.89,B
2021-06-23T09:58:49,2000.0,6.89,B
2021-06-23T09:58:31,11000.0,6.89,B
2021-06-23T09:57:57,100.0,6.89,B
2021-06-23T09:57:46,500.0,6.89,B
2021-06-23T09:57:20,7100.0,6.89,S
2021-06-23T09:57:09,1000.0,6.89,S
2021-06-23T09:57:09,8000.0,6.89,S
2021-06-23T09:57:06,58600.0,6.89,S
2021-06-23T09:56:16,500.0,6.9,B
2021-06-23T09:55:49,1000.0,6.9,S
2021-06-23T09:55:43,300.0,6.9,S
2021-06-23T09:55:42,2000.0,6.9,S
2021-06-23T09:55:39,7000.0,6.9,S
2021-06-23T09:55:20,5000.0,6.9,S
2021-06-23T09:55:15,10000.0,6.91,B
2021-06-23T09:55:15,300.0,6.9,S
2021-06-23T09:54:47,5000.0,6.9,S
2021-06-23T09:54:44,200.0,6.9,S
2021-06-23T09:54:15,1900.0,6.9,S
2021-06-23T09:54:06,3000.0,6.9,S
2021-06-23T09:53:52,500.0,6.91,B
2021-06-23T09:53:47,1000.0,6.9,S
2021-06-23T09:53:45,100.0,6.91,B
2021-06-23T09:53:05,100.0,6.91,B
2021-06-23T09:52:33,400.0,6.9,S
2021-06-23T09:51:46,1000.0,6.91,B
2021-06-23T09:51:33,8000.0,6.91,S
2021-06-23T09:51:16,2000.0,6.91,S
2021-06-23T09:50:57,5000.0,6.9,S
2021-06-23T09:50:06,69400.0,6.9,S
2021-06-23T09:48:58,600.0,6.93,S
2021-06-23T09:48:56,11000.0,6.93,S
2021-06-23T09:48:48,6000.0,6.93,S
2021-06-23T09:48:45,1600.0,6.93,S
2021-06-23T09:48:37,5000.0,6.93,S
2021-06-23T09:48:13,100.0,6.94,B
2021-06-23T09:48:01,100.0,6.93,S
2021-06-23T09:47:21,2300.0,6.94,S
2021-06-23T09:46:30,20000.0,6.94,S
2021-06-23T09:46:13,5000.0,6.94,S
2021-06-23T09:46:07,200.0,6.94,S
2021-06-23T09:46:05,5000.0,6.95,B
2021-06-23T09:45:25,1000.0,6.94,S
2021-06-23T09:44:47,2400.0,6.94,S
2021-06-23T09:44:43,300.0,6.95,B
2021-06-23T09:44:08,100.0,6.95,B
2021-06-23T09:43:07,1000.0,6.94,S
2021-06-23T09:42:59,300.0,6.95,B
2021-06-23T09:42:37,100.0,6.94,S
2021-06-23T09:41:45,600.0,6.94,S
2021-06-23T09:40:18,2700.0,6.94,S
2021-06-23T09:40:16,1000.0,6.94,S
2021-06-23T09:40:14,100.0,6.95,B
2021-06-23T09:39:52,900.0,6.95,B
2021-06-23T09:39:10,500.0,6.94,B
2021-06-23T09:39:09,20000.0,6.94,B
2021-06-23T09:38:22,4000.0,6.94,B
2021-06-23T09:37:49,2000.0,6.94,B
2021-06-23T09:36:42,300.0,6.93,B
2021-06-23T09:36:22,100.0,6.93,B
2021-06-23T09:36:10,100.0,6.93,B
2021-06-23T09:36:00,400.0,6.93,B
2021-06-23T09:35:33,9600.0,6.93,B
2021-06-23T09:35:30,300.0,6.93,B
2021-06-23T09:34:52,100.0,6.93,B
2021-06-23T09:34:08,100.0,6.93,S
2021-06-23T09:32:45,100.0,6.94,B
2021-06-23T09:32:39,100.0,6.92,S
2021-06-23T09:32:39,5900.0,6.92,S
2021-06-23T09:32:18,2400.0,6.94,B
2021-06-23T09:32:12,1000.0,6.95,B
2021-06-23T09:32:03,1000.0,6.94,B
2021-06-23T09:31:49,2000.0,6.94,B
2021-06-23T09:31:19,2000.0,6.94,B
2021-06-23T09:31:07,500.0,6.93,B
2021-06-23T09:30:37,5000.0,6.93,B
2021-06-23T09:30:36,100.0,6.93,B
2021-06-23T09:30:33,100.0,6.92,S
2021-06-23T09:30:16,2000.0,6.92,S
2021-06-23T09:29:45,1000.0,6.92,S
2021-06-23T09:29:22,400.0,6.92,B
2021-06-23T09:29:10,2000.0,6.92,B
2021-06-23T09:29:10,26400.0,6.92,B
2021-06-23T09:29:10,300.0,6.91,S
2021-06-23T09:28:47,5600.0,6.91,S
2021-06-23T09:27:40,10000.0,6.91,B
2021-06-23T09:27:34,1300.0,6.91,B
2021-06-23T09:27:32,1000.0,6.91,B
2021-06-23T09:27:27,100.0,6.91,B
2021-06-23T09:27:27,800.0,6.91,B
2021-06-23T09:27:11,7300.0,6.91,B
2021-06-23T09:27:04,10000.0,6.91,B
2021-06-23T09:27:04,5000.0,6.91,B
2021-06-23T09:26:47,10000.0,6.9,S
2021-06-23T09:26:23,100.0,6.91,B
2021-06-23T09:26:08,1000.0,6.91,B
2021-06-23T09:26:08,15000.0,6.9,S
2021-06-23T09:25:56,1000.0,6.91,B
2021-06-23T09:25:56,4000.0,6.91,B
2021-06-23T09:25:51,20000.0,6.9,S
2021-06-23T09:25:41,10000.0,6.91,B
2021-06-23T09:25:39,3000.0,6.91,B
2021-06-23T09:25:35,100.0,6.91,B
2021-06-23T09:25:34,200.0,6.9,S
2021-06-23T09:25:28,100.0,6.9,S
2021-06-23T09:25:07,300.0,6.9,S
2021-06-23T09:25:07,300.0,6.9,S
2021-06-23T09:24:43,5200.0,6.9,S
2021-06-23T09:24:15,100.0,6.91,B
2021-06-23T09:24:10,1500.0,6.88,S
2021-06-23T09:24:02,100.0,6.9,S
2021-06-23T09:23:59,1000.0,6.9,S
2021-06-23T09:23:53,1900.0,6.9,S
2021-06-23T09:23:26,15000.0,6.89,S
2021-06-23T09:23:09,200.0,6.9,S
2021-06-23T09:22:59,15000.0,6.89,S
2021-06-23T09:22:44,4500.0,6.91,B
2021-06-23T09:22:44,5500.0,6.9,S
2021-06-23T09:22:40,300.0,6.9,S
2021-06-23T09:22:32,800.0,6.9,S
2021-06-23T09:22:31,2500.0,6.9,S
2021-06-23T09:22:31,900.0,6.9,S
2021-06-23T09:21:35,5000.0,6.9,S
2021-06-23T09:21:05,300.0,6.9,S
2021-06-23T09:20:31,1000.0,6.92,B
2021-06-23T09:20:19,10000.0,6.92,B
2021-06-23T09:20:10,5000.0,6.92,B
2021-06-23T09:20:07,600.0,6.9,S
2021-06-23T09:18:36,100.0,6.92,B
2021-06-23T09:18:35,300.0,6.92,B
2021-06-23T09:18:08,100.0,6.92,B
2021-06-23T09:18:04,15000.0,6.89,S
2021-06-23T09:18:03,100.0,6.92,B
2021-06-23T09:18:00,1700.0,6.9,B
2021-06-23T09:17:56,200.0,6.9,B
2021-06-23T09:17:52,5100.0,6.9,S
2021-06-23T09:17:11,100.0,6.9,B
2021-06-23T09:16:56,100.0,6.9,B
2021-06-23T09:16:48,20000.0,6.89,S
2021-06-23T09:16:35,200.0,6.9,B
2021-06-23T09:16:24,15000.0,6.89,S
