tradingTime,volume,price,side
2021-06-23T14:22:09,100.0,38.2,B
2021-06-23T14:21:43,500.0,38.2,B
2021-06-23T14:21:37,500.0,38.2,B
2021-06-23T14:21:27,3000.0,38.2,B
2021-06-23T14:21:23,300.0,38.2,B
2021-06-23T14:21:23,100.0,38.15,S
2021-06-23T14:21:11,100.0,38.2,B
2021-06-23T14:20:56,4000.0,38.2,B
2021-06-23T14:20:54,600.0,38.2,B
2021-06-23T14:20:43,400.0,38.2,B
2021-06-23T14:20:35,4000.0,38.2,B
2021-06-23T14:20:26,100.0,38.2,B
2021-06-23T14:20:23,2000.0,38.15,S
2021-06-23T14:20:23,200.0,38.15,S
2021-06-23T14:20:22,800.0,38.15,S
2021-06-23T14:20:17,500.0,38.2,B
2021-06-23T14:20:12,100.0,38.2,B
2021-06-23T14:20:09,100.0,38.2,B
2021-06-23T14:20:06,5000.0,38.2,B
2021-06-23T14:19:28,4500.0,38.2,S
2021-06-23T14:19:28,2000.0,38.2,S
2021-06-23T14:19:28,3100.0,38.2,S
2021-06-23T14:19:19,1700.0,38.2,S
2021-06-23T14:19:17,100.0,38.25,B
2021-06-23T14:19:16,700.0,38.2,S
2021-06-23T14:19:06,5000.0,38.2,S
2021-06-23T14:18:59,1900.0,38.2,B
2021-06-23T14:18:59,1500.0,38.2,B
2021-06-23T14:18:56,100.0,38.2,B
2021-06-23T14:18:56,1800.0,38.2,B
2021-06-23T14:18:55,3200.0,38.2,B
2021-06-23T14:18:37,400.0,38.2,B
2021-06-23T14:18:32,1000.0,38.2,B
2021-06-23T14:18:28,500.0,38.2,B
2021-06-23T14:17:57,6100.0,38.2,B
2021-06-23T14:17:57,1700.0,38.2,B
2021-06-23T14:17:57,3000.0,38.2,B
2021-06-23T14:17:57,5000.0,38.2,B
2021-06-23T14:17:57,4200.0,38.2,B
2021-06-23T14:17:51,200.0,38.15,S
2021-06-23T14:17:43,500.0,38.2,B
2021-06-23T14:17:32,200.0,38.15,S
2021-06-23T14:17:30,1000.0,38.2,B
2021-06-23T14:17:08,3000.0,38.15,B
2021-06-23T14:17:08,1400.0,38.15,B
2021-06-23T14:16:54,100.0,38.15,B
2021-06-23T14:16:30,2000.0,38.15,S
2021-06-23T14:16:30,1100.0,38.15,S
2021-06-23T14:16:30,1400.0,38.15,S
2021-06-23T14:16:00,2700.0,38.15,S
2021-06-23T14:15:04,1500.0,38.2,S
2021-06-23T14:15:04,500.0,38.2,S
2021-06-23T14:15:04,500.0,38.25,B
2021-06-23T14:14:54,5000.0,38.2,S
2021-06-23T14:14:37,1200.0,38.25,B
2021-06-23T14:14:27,100.0,38.25,B
2021-06-23T14:14:20,1000.0,38.25,B
2021-06-23T14:14:00,2600.0,38.2,B
2021-06-23T14:14:00,5000.0,38.15,S
2021-06-23T14:13:57,5000.0,38.2,B
2021-06-23T14:13:53,400.0,38.2,B
2021-06-23T14:13:53,2700.0,38.2,B
2021-06-23T14:13:53,400.0,38.2,B
2021-06-23T14:13:53,1600.0,38.2,B
2021-06-23T14:13:53,4900.0,38.2,B
2021-06-23T14:13:52,200.0,38.2,B
2021-06-23T14:13:45,1700.0,38.2,B
2021-06-23T14:13:45,3800.0,38.2,B
2021-06-23T14:13:41,200.0,38.15,S
2021-06-23T14:13:27,1400.0,38.2,B
2021-06-23T14:13:24,22700.0,38.15,B
2021-06-23T14:13:22,500.0,38.1,S
2021-06-23T14:13:19,3300.0,38.1,B
2021-06-23T14:13:14,5400.0,38.1,B
2021-06-23T14:13:08,100.0,38.1,B
2021-06-23T14:13:05,100.0,38.1,B
2021-06-23T14:13:02,500.0,38.1,B
2021-06-23T14:13:02,3000.0,38.1,B
2021-06-23T14:12:59,2000.0,38.1,B
2021-06-23T14:12:53,1000.0,38.1,B
2021-06-23T14:12:42,2000.0,38.1,B
2021-06-23T14:12:33,1100.0,38.1,B
2021-06-23T14:12:29,100.0,38.1,B
2021-06-23T14:12:11,500.0,38.1,B
2021-06-23T14:11:58,200.0,38.1,B
2021-06-23T14:11:48,1000.0,38.0,S
2021-06-23T14:11:35,14000.0,38.0,S
2021-06-23T14:11:04,200.0,38.0,S
2021-06-23T14:10:46,600.0,38.0,B
2021-06-23T14:10:46,2400.0,38.0,B
2021-06-23T14:10:45,10000.0,38.0,B
2021-06-23T14:10:45,1200.0,38.0,B
2021-06-23T14:10:45,300.0,38.0,B
2021-06-23T14:10:45,18500.0,38.0,B
2021-06-23T14:10:44,100.0,38.0,B
2021-06-23T14:10:33,2500.0,38.0,B
2021-06-23T14:10:32,500.0,38.0,B
2021-06-23T14:10:28,400.0,38.0,B
2021-06-23T14:10:24,1000.0,37.95,S
2021-06-23T14:10:22,10000.0,38.0,B
2021-06-23T14:10:22,900.0,38.0,B
2021-06-23T14:10:14,20000.0,38.0,B
2021-06-23T14:10:10,300.0,38.0,B
2021-06-23T14:10:10,9200.0,38.0,B
2021-06-23T14:10:10,100.0,38.0,B
2021-06-23T14:10:10,200.0,38.0,B
2021-06-23T14:10:09,200.0,38.0,B
2021-06-23T14:10:05,200.0,37.95,S
2021-06-23T14:10:04,1000.0,38.0,B
2021-06-23T14:09:50,400.0,38.0,B
2021-06-23T14:09:50,1000.0,38.0,B
2021-06-23T14:09:43,100.0,38.0,B
2021-06-23T14:09:34,100.0,38.0,B
2021-06-23T14:09:23,600.0,38.0,B
2021-06-23T14:09:21,200.0,38.0,B
2021-06-23T14:08:48,1000.0,38.0,B
2021-06-23T14:08:45,600.0,37.95,S
2021-06-23T14:08:43,4000.0,37.95,S
2021-06-23T14:08:42,400.0,37.95,S
2021-06-23T14:08:12,500.0,37.95,S
2021-06-23T14:07:54,1300.0,37.95,S
2021-06-23T14:07:54,600.0,37.95,S
2021-06-23T14:07:54,100.0,37.95,S
2021-06-23T14:07:53,100.0,37.95,S
2021-06-23T14:07:53,1900.0,37.95,S
2021-06-23T14:07:17,100.0,37.95,S
2021-06-23T14:07:00,4000.0,37.95,S
2021-06-23T14:06:25,800.0,37.95,S
2021-06-23T14:06:22,600.0,37.95,S
2021-06-23T14:06:18,5000.0,37.95,S
2021-06-23T14:06:05,6500.0,37.95,B
2021-06-23T14:06:03,100.0,37.95,B
2021-06-23T14:05:57,2100.0,37.9,S
2021-06-23T14:05:57,7900.0,37.9,S
2021-06-23T14:05:40,100.0,37.95,B
2021-06-23T14:05:39,2600.0,37.9,S
2021-06-23T14:05:20,4000.0,37.9,S
2021-06-23T14:04:38,200.0,37.95,B
2021-06-23T14:04:06,500.0,37.95,S
2021-06-23T14:04:02,2500.0,37.9,S
2021-06-23T14:03:47,100.0,38.0,B
2021-06-23T14:03:44,600.0,37.95,B
2021-06-23T14:03:44,400.0,37.95,B
2021-06-23T14:03:44,1200.0,37.95,B
2021-06-23T14:03:41,100.0,37.95,B
2021-06-23T14:03:40,6000.0,37.9,S
2021-06-23T14:03:39,100.0,37.95,B
2021-06-23T14:03:37,100.0,37.95,B
2021-06-23T14:03:36,100.0,37.95,B
2021-06-23T14:03:26,100.0,37.95,B
2021-06-23T14:03:19,3100.0,37.8,S
2021-06-23T14:03:19,4900.0,37.8,S
2021-06-23T14:03:19,200.0,37.8,S
2021-06-23T14:03:19,2800.0,37.8,S
2021-06-23T14:03:19,100.0,37.8,S
2021-06-23T14:03:19,1000.0,37.8,S
2021-06-23T14:03:19,100.0,37.8,S
2021-06-23T14:03:19,1300.0,37.8,S
2021-06-23T14:03:19,4100.0,37.8,S
2021-06-23T14:03:19,100.0,37.8,S
2021-06-23T14:03:19,2600.0,37.8,S
2021-06-23T14:03:19,5500.0,37.8,S
2021-06-23T14:03:19,1800.0,37.8,S
2021-06-23T14:03:19,1000.0,37.8,S
2021-06-23T14:03:19,1100.0,37.8,S
2021-06-23T14:03:19,15300.0,37.8,S
2021-06-23T14:03:19,7300.0,37.8,S
2021-06-23T14:03:19,2500.0,37.8,S
2021-06-23T14:03:19,200.0,37.8,S
2021-06-23T14:03:19,15800.0,37.8,S
2021-06-23T14:03:19,6100.0,37.85,S
2021-06-23T14:03:19,500.0,37.85,S
2021-06-23T14:03:19,2600.0,37.85,S
2021-06-23T14:03:19,10400.0,37.85,S
2021-06-23T14:03:19,9400.0,37.9,S
2021-06-23T14:03:19,200.0,37.9,S
2021-06-23T14:03:18,100.0,37.95,B
2021-06-23T14:02:59,200.0,37.95,B
2021-06-23T14:02:24,7700.0,37.85,S
2021-06-23T14:02:24,300.0,37.9,S
2021-06-23T14:02:23,200.0,37.95,B
2021-06-23T14:02:06,2000.0,37.9,S
2021-06-23T14:01:34,3000.0,37.95,B
2021-06-23T14:01:33,2000.0,37.9,S
2021-06-23T14:01:30,800.0,37.9,S
2021-06-23T14:01:20,2800.0,37.9,S
2021-06-23T14:01:20,200.0,37.9,S
2021-06-23T14:01:19,700.0,37.9,S
2021-06-23T14:01:19,100.0,37.9,S
2021-06-23T14:01:19,6200.0,37.9,S
2021-06-23T14:01:10,1000.0,37.9,S
2021-06-23T14:00:52,100.0,37.95,B
2021-06-23T14:00:48,500.0,37.9,S
2021-06-23T14:00:48,7900.0,37.9,S
2021-06-23T14:00:48,3700.0,37.9,S
2021-06-23T14:00:48,10300.0,37.9,S
2021-06-23T14:00:48,800.0,37.9,S
2021-06-23T14:00:48,6800.0,37.9,S
2021-06-23T14:00:46,1000.0,37.95,B
2021-06-23T14:00:45,100.0,37.95,B
2021-06-23T14:00:43,1000.0,37.9,S
2021-06-23T14:00:26,5000.0,37.95,B
2021-06-23T14:00:17,1800.0,37.9,S
2021-06-23T14:00:15,3000.0,37.9,S
2021-06-23T14:00:05,1000.0,37.95,B
2021-06-23T14:00:04,1000.0,37.95,B
2021-06-23T14:00:01,5000.0,37.9,S
2021-06-23T13:59:59,300.0,37.95,B
2021-06-23T13:59:55,300.0,37.9,S
2021-06-23T13:59:55,100.0,37.9,S
2021-06-23T13:59:55,2700.0,37.9,S
2021-06-23T13:59:55,3200.0,37.9,S
2021-06-23T13:59:55,1100.0,37.9,S
2021-06-23T13:59:55,200.0,37.9,S
2021-06-23T13:59:55,1900.0,37.9,S
2021-06-23T13:59:55,800.0,37.9,S
2021-06-23T13:59:55,1400.0,37.9,S
2021-06-23T13:59:55,3300.0,37.9,S
2021-06-23T13:59:44,1000.0,37.9,S
2021-06-23T13:59:44,200.0,37.9,S
2021-06-23T13:59:44,2300.0,37.9,S
2021-06-23T13:59:44,1100.0,37.9,S
2021-06-23T13:59:44,400.0,37.9,S
2021-06-23T13:59:20,1000.0,37.9,S
2021-06-23T13:59:15,800.0,37.95,S
2021-06-23T13:59:08,200.0,37.9,S
2021-06-23T13:59:08,2300.0,37.9,S
2021-06-23T13:59:08,100.0,37.95,S
2021-06-23T13:59:08,2400.0,37.95,S
2021-06-23T13:59:06,100.0,37.95,S
2021-06-23T13:59:04,1900.0,37.95,S
2021-06-23T13:59:04,100.0,37.95,S
2021-06-23T13:59:03,8000.0,37.95,S
2021-06-23T13:59:00,2000.0,37.95,S
2021-06-23T13:58:52,3100.0,38.0,B
2021-06-23T13:58:49,1000.0,37.95,S
2021-06-23T13:58:48,1200.0,37.95,S
2021-06-23T13:58:41,2000.0,37.95,S
2021-06-23T13:58:35,1000.0,37.95,S
2021-06-23T13:58:27,500.0,38.0,B
2021-06-23T13:58:25,500.0,38.0,B
2021-06-23T13:58:09,600.0,38.0,S
2021-06-23T13:58:06,400.0,38.0,S
2021-06-23T13:57:59,4100.0,37.95,S
2021-06-23T13:57:59,1900.0,38.0,S
2021-06-23T13:57:59,500.0,38.0,S
2021-06-23T13:57:59,200.0,38.0,S
2021-06-23T13:57:59,7600.0,38.0,S
2021-06-23T13:57:59,13900.0,38.0,S
2021-06-23T13:57:59,7200.0,38.0,S
2021-06-23T13:57:59,300.0,38.0,S
2021-06-23T13:57:58,34300.0,38.0,S
2021-06-23T13:57:56,200.0,38.1,B
2021-06-23T13:57:56,100.0,38.1,B
2021-06-23T13:57:49,2700.0,38.0,S
2021-06-23T13:57:49,1200.0,38.0,S
2021-06-23T13:57:35,1000.0,38.0,S
2021-06-23T13:57:35,2400.0,38.0,S
2021-06-23T13:57:35,4400.0,38.0,S
2021-06-23T13:57:35,2200.0,38.0,S
2021-06-23T13:57:31,600.0,38.1,B
2021-06-23T13:57:29,600.0,38.0,S
2021-06-23T13:57:29,1000.0,38.0,S
2021-06-23T13:57:27,400.0,38.0,S
2021-06-23T13:57:26,900.0,38.0,S
2021-06-23T13:57:26,4100.0,38.0,S
2021-06-23T13:57:26,1400.0,38.0,S
2021-06-23T13:57:26,5000.0,38.0,S
2021-06-23T13:57:26,1600.0,38.0,S
2021-06-23T13:57:26,2100.0,38.05,S
2021-06-23T13:57:26,1100.0,38.05,S
2021-06-23T13:57:25,3800.0,38.05,S
2021-06-23T13:57:24,200.0,38.1,B
2021-06-23T13:57:22,900.0,38.1,B
2021-06-23T13:57:22,4100.0,38.1,B
2021-06-23T13:57:02,400.0,38.1,B
2021-06-23T13:56:51,12900.0,38.05,S
2021-06-23T13:56:51,5000.0,38.1,S
2021-06-23T13:56:47,500.0,38.1,S
2021-06-23T13:56:38,5100.0,38.05,S
2021-06-23T13:56:38,5700.0,38.05,S
2021-06-23T13:56:38,500.0,38.1,S
2021-06-23T13:56:38,3700.0,38.1,S
2021-06-23T13:56:36,900.0,38.1,S
2021-06-23T13:56:14,3000.0,38.1,S
2021-06-23T13:55:42,400.0,38.1,S
2021-06-23T13:55:42,1100.0,38.1,S
2021-06-23T13:55:42,800.0,38.1,S
2021-06-23T13:55:42,5700.0,38.1,S
2021-06-23T13:55:40,4100.0,38.15,S
2021-06-23T13:55:25,3000.0,38.15,S
2021-06-23T13:55:13,2000.0,38.2,B
2021-06-23T13:54:07,3000.0,38.2,B
2021-06-23T13:54:04,300.0,38.2,B
2021-06-23T13:54:02,2000.0,38.2,B
2021-06-23T13:53:41,1000.0,38.2,B
2021-06-23T13:53:24,1500.0,38.2,B
2021-06-23T13:53:16,300.0,38.2,B
2021-06-23T13:53:09,300.0,38.15,B
2021-06-23T13:52:16,100.0,38.2,B
2021-06-23T13:52:14,5000.0,38.2,B
2021-06-23T13:51:41,500.0,38.1,B
2021-06-23T13:51:41,1500.0,38.1,B
2021-06-23T13:51:26,200.0,38.1,B
2021-06-23T13:51:03,1800.0,38.05,B
2021-06-23T13:51:00,500.0,38.05,B
2021-06-23T13:51:00,20000.0,38.05,B
2021-06-23T13:50:59,100.0,38.05,B
2021-06-23T13:50:44,200.0,38.05,B
2021-06-23T13:50:43,500.0,38.05,B
2021-06-23T13:50:42,20000.0,38.05,B
2021-06-23T13:50:29,200.0,38.05,B
2021-06-23T13:50:28,5000.0,38.05,B
2021-06-23T13:50:27,18200.0,38.05,B
2021-06-23T13:50:26,1000.0,38.0,S
2021-06-23T13:49:56,500.0,38.05,B
2021-06-23T13:49:54,30000.0,38.05,B
2021-06-23T13:49:48,2500.0,38.0,S
2021-06-23T13:49:32,1000.0,38.05,B
2021-06-23T13:49:27,100.0,38.05,B
2021-06-23T13:49:22,500.0,38.05,B
2021-06-23T13:49:00,200.0,38.05,B
2021-06-23T13:49:00,100.0,38.0,B
2021-06-23T13:49:00,19600.0,38.0,B
2021-06-23T13:49:00,9000.0,38.0,B
2021-06-23T13:48:57,1300.0,38.0,B
2021-06-23T13:48:51,200.0,38.0,B
2021-06-23T13:48:49,100.0,38.0,B
2021-06-23T13:48:46,1000.0,38.0,B
2021-06-23T13:48:42,500.0,38.0,B
2021-06-23T13:48:39,1500.0,38.0,B
2021-06-23T13:48:39,200.0,38.0,B
2021-06-23T13:48:37,100.0,38.0,B
2021-06-23T13:48:32,600.0,38.0,B
2021-06-23T13:48:28,20000.0,38.0,B
2021-06-23T13:48:26,300.0,38.0,B
2021-06-23T13:48:10,600.0,38.0,B
2021-06-23T13:48:09,2000.0,38.0,B
2021-06-23T13:48:06,600.0,38.0,B
2021-06-23T13:48:02,5100.0,38.0,B
2021-06-23T13:47:59,5000.0,38.0,B
2021-06-23T13:47:57,500.0,38.0,B
2021-06-23T13:47:51,300.0,38.0,B
2021-06-23T13:47:46,500.0,38.0,B
2021-06-23T13:47:45,300.0,38.0,B
2021-06-23T13:47:44,500.0,38.0,B
2021-06-23T13:47:31,200.0,38.0,B
2021-06-23T13:47:30,100.0,38.0,B
2021-06-23T13:47:20,500.0,38.0,B
2021-06-23T13:47:17,100.0,38.0,B
2021-06-23T13:47:16,100.0,38.0,B
2021-06-23T13:47:14,100.0,38.0,B
2021-06-23T13:47:08,6300.0,38.0,B
2021-06-23T13:46:57,100.0,38.0,B
2021-06-23T13:46:54,1000.0,38.0,B
2021-06-23T13:46:52,2000.0,38.0,B
2021-06-23T13:46:44,600.0,38.0,B
2021-06-23T13:46:40,2000.0,38.0,B
2021-06-23T13:46:39,100.0,38.0,B
2021-06-23T13:46:35,5600.0,38.0,B
2021-06-23T13:46:29,10000.0,38.0,B
2021-06-23T13:46:29,1000.0,38.0,B
2021-06-23T13:46:26,500.0,38.0,B
2021-06-23T13:46:21,400.0,38.0,B
2021-06-23T13:46:18,200.0,38.0,B
2021-06-23T13:46:18,1000.0,38.0,B
2021-06-23T13:46:16,7100.0,38.0,S
2021-06-23T13:46:16,200.0,38.0,S
2021-06-23T13:46:16,19800.0,38.0,S
2021-06-23T13:46:16,1000.0,38.0,S
2021-06-23T13:46:15,800.0,38.05,B
2021-06-23T13:46:11,100.0,38.05,B
2021-06-23T13:46:06,100.0,38.05,B
2021-06-23T13:46:05,200.0,38.05,B
2021-06-23T13:45:53,100.0,38.05,B
2021-06-23T13:45:53,100.0,38.0,S
2021-06-23T13:45:52,10000.0,38.0,S
2021-06-23T13:45:48,100.0,38.05,S
2021-06-23T13:45:45,200.0,38.0,S
2021-06-23T13:45:40,4000.0,38.0,S
2021-06-23T13:45:38,100.0,38.1,B
2021-06-23T13:45:38,300.0,38.05,S
2021-06-23T13:45:08,1000.0,38.05,S
2021-06-23T13:44:49,10000.0,38.05,S
2021-06-23T13:44:41,500.0,38.1,B
2021-06-23T13:44:32,2500.0,38.1,S
2021-06-23T13:44:32,1000.0,38.1,S
2021-06-23T13:44:32,21000.0,38.1,S
2021-06-23T13:44:26,100.0,38.2,B
2021-06-23T13:44:24,100.0,38.2,B
2021-06-23T13:44:04,700.0,38.2,B
2021-06-23T13:43:58,500.0,38.2,B
2021-06-23T13:43:57,4000.0,38.1,S
2021-06-23T13:43:52,3600.0,38.2,S
2021-06-23T13:43:52,19200.0,38.2,S
2021-06-23T13:43:47,1000.0,38.2,S
2021-06-23T13:43:45,100.0,38.2,S
2021-06-23T13:43:43,500.0,38.25,B
2021-06-23T13:43:34,10000.0,38.2,S
2021-06-23T13:43:32,1200.0,38.2,S
2021-06-23T13:43:30,1000.0,38.25,B
2021-06-23T13:43:19,700.0,38.25,B
2021-06-23T13:43:10,9000.0,38.2,S
2021-06-23T13:43:09,1000.0,38.2,S
2021-06-23T13:42:57,100.0,38.25,B
2021-06-23T13:42:51,100.0,38.25,B
2021-06-23T13:42:46,100.0,38.25,B
2021-06-23T13:42:43,100.0,38.25,B
2021-06-23T13:42:31,100.0,38.25,B
2021-06-23T13:42:24,200.0,38.2,S
2021-06-23T13:42:15,8000.0,38.25,S
2021-06-23T13:42:11,1000.0,38.25,S
2021-06-23T13:41:59,100.0,38.3,B
2021-06-23T13:41:21,400.0,38.3,B
2021-06-23T13:41:05,2000.0,38.3,B
2021-06-23T13:40:47,100.0,38.3,B
2021-06-23T13:40:43,500.0,38.3,B
2021-06-23T13:40:36,11100.0,38.3,B
2021-06-23T13:40:36,200.0,38.25,B
2021-06-23T13:40:34,500.0,38.2,S
2021-06-23T13:40:32,500.0,38.25,B
2021-06-23T13:40:28,300.0,38.25,B
2021-06-23T13:40:23,100.0,38.2,S
2021-06-23T13:40:11,2000.0,38.3,B
2021-06-23T13:39:58,600.0,38.25,B
2021-06-23T13:39:55,300.0,38.25,B
2021-06-23T13:39:52,100.0,38.25,B
2021-06-23T13:39:34,200.0,38.25,B
2021-06-23T13:39:21,100.0,38.25,S
2021-06-23T13:39:17,400.0,38.3,B
2021-06-23T13:39:10,200.0,38.25,S
2021-06-23T13:39:02,100.0,38.25,B
2021-06-23T13:38:33,100.0,38.2,S
2021-06-23T13:38:13,100.0,38.2,S
2021-06-23T13:38:06,1000.0,38.2,S
2021-06-23T13:37:56,2000.0,38.2,S
2021-06-23T13:37:34,5000.0,38.2,S
2021-06-23T13:37:25,2000.0,38.3,B
2021-06-23T13:37:15,1500.0,38.3,S
2021-06-23T13:37:10,4000.0,38.35,B
2021-06-23T13:36:58,600.0,38.2,S
2021-06-23T13:36:54,4000.0,38.3,S
2021-06-23T13:36:51,1100.0,38.3,S
2021-06-23T13:36:48,14700.0,38.35,B
2021-06-23T13:36:46,1100.0,38.3,S
2021-06-23T13:36:46,900.0,38.3,S
2021-06-23T13:36:45,1000.0,38.3,S
2021-06-23T13:36:40,400.0,38.3,S
2021-06-23T13:36:22,700.0,38.3,B
2021-06-23T13:36:16,5000.0,38.3,B
2021-06-23T13:36:14,100.0,38.3,B
2021-06-23T13:36:09,500.0,38.3,B
2021-06-23T13:36:05,40300.0,38.3,B
2021-06-23T13:36:03,1000.0,38.25,S
2021-06-23T13:35:53,15000.0,38.3,B
2021-06-23T13:35:49,5000.0,38.25,S
2021-06-23T13:35:44,4900.0,38.25,S
2021-06-23T13:35:40,1100.0,38.25,S
2021-06-23T13:35:40,400.0,38.25,S
2021-06-23T13:35:39,1500.0,38.25,S
2021-06-23T13:35:36,500.0,38.25,S
2021-06-23T13:35:35,2100.0,38.3,B
2021-06-23T13:35:35,2800.0,38.3,B
2021-06-23T13:35:33,3000.0,38.3,B
2021-06-23T13:35:28,2400.0,38.3,B
2021-06-23T13:35:27,300.0,38.3,B
2021-06-23T13:35:27,300.0,38.3,B
2021-06-23T13:35:23,4100.0,38.3,B
2021-06-23T13:35:20,100.0,38.3,B
2021-06-23T13:35:17,100.0,38.3,B
2021-06-23T13:35:14,400.0,38.3,B
2021-06-23T13:34:59,100.0,38.3,B
2021-06-23T13:34:57,2600.0,38.25,B
2021-06-23T13:34:52,700.0,38.25,B
2021-06-23T13:34:47,3000.0,38.3,B
2021-06-23T13:34:46,100.0,38.25,B
2021-06-23T13:34:43,800.0,38.25,B
2021-06-23T13:34:41,1500.0,38.25,B
2021-06-23T13:34:33,1500.0,38.25,B
2021-06-23T13:34:30,300.0,38.25,B
2021-06-23T13:34:24,1000.0,38.25,B
2021-06-23T13:34:14,100.0,38.25,B
2021-06-23T13:33:45,1000.0,38.25,B
2021-06-23T13:33:36,2400.0,38.05,S
2021-06-23T13:33:27,33000.0,38.0,S
2021-06-23T13:33:25,500.0,38.1,B
2021-06-23T13:33:22,6000.0,38.1,B
2021-06-23T13:33:19,3200.0,38.05,B
2021-06-23T13:33:09,500.0,38.05,B
2021-06-23T13:33:09,200.0,38.05,B
2021-06-23T13:32:54,300.0,38.05,B
2021-06-23T13:32:46,400.0,38.0,S
2021-06-23T13:32:37,200.0,38.0,B
2021-06-23T13:32:37,1400.0,38.0,B
2021-06-23T13:32:35,6200.0,38.0,B
2021-06-23T13:32:35,5600.0,38.0,B
2021-06-23T13:32:35,5000.0,38.0,B
2021-06-23T13:32:35,5600.0,38.0,B
2021-06-23T13:32:35,1100.0,38.0,B
2021-06-23T13:32:35,500.0,38.0,B
2021-06-23T13:32:35,26000.0,38.0,B
2021-06-23T13:32:31,10000.0,38.0,B
2021-06-23T13:32:31,500.0,38.0,B
2021-06-23T13:32:28,1000.0,38.0,B
2021-06-23T13:32:21,8000.0,38.0,B
2021-06-23T13:32:20,100.0,38.0,B
2021-06-23T13:32:18,2000.0,38.0,B
2021-06-23T13:32:17,1000.0,38.0,B
2021-06-23T13:32:11,1000.0,37.95,S
2021-06-23T13:32:10,300.0,38.0,B
2021-06-23T13:31:58,500.0,37.95,S
2021-06-23T13:31:53,500.0,37.95,S
2021-06-23T13:31:52,1000.0,37.95,S
2021-06-23T13:31:52,1000.0,37.95,S
2021-06-23T13:31:52,100.0,37.95,S
2021-06-23T13:31:50,200.0,38.0,B
2021-06-23T13:31:12,500.0,37.95,S
2021-06-23T13:31:08,1000.0,38.0,B
2021-06-23T13:31:04,100.0,37.95,B
2021-06-23T13:31:01,900.0,37.95,B
2021-06-23T13:30:55,28200.0,37.95,B
2021-06-23T13:30:54,2000.0,37.95,B
2021-06-23T13:30:49,100.0,37.95,B
2021-06-23T13:30:49,900.0,37.9,S
2021-06-23T13:30:49,1000.0,37.9,S
2021-06-23T13:30:48,400.0,37.9,S
2021-06-23T13:30:46,2000.0,37.9,S
2021-06-23T13:30:46,5000.0,37.9,S
2021-06-23T13:30:46,10700.0,37.9,S
2021-06-23T13:30:33,300.0,37.95,B
2021-06-23T13:30:32,300.0,37.95,B
2021-06-23T13:30:26,100.0,37.9,S
2021-06-23T13:30:19,1000.0,37.95,B
2021-06-23T13:30:16,5000.0,37.95,B
2021-06-23T13:29:46,10400.0,37.9,B
2021-06-23T13:29:46,100.0,37.9,B
2021-06-23T13:29:42,100.0,37.9,B
2021-06-23T13:29:29,300.0,37.9,B
2021-06-23T13:29:23,4000.0,37.9,S
2021-06-23T13:29:11,1600.0,37.9,S
2021-06-23T13:29:07,200.0,37.9,S
2021-06-23T13:29:06,2700.0,37.9,S
2021-06-23T13:29:02,500.0,37.9,S
2021-06-23T13:28:52,1000.0,37.9,S
2021-06-23T13:28:32,200.0,37.9,S
2021-06-23T13:28:14,100.0,37.9,S
2021-06-23T13:27:58,500.0,37.8,S
2021-06-23T13:27:57,9500.0,37.8,S
2021-06-23T13:27:52,1000.0,37.8,S
2021-06-23T13:27:47,2000.0,38.0,B
2021-06-23T13:27:47,1000.0,38.0,B
2021-06-23T13:27:47,6000.0,38.0,B
2021-06-23T13:27:47,4100.0,37.8,S
2021-06-23T13:27:47,15900.0,37.8,S
2021-06-23T13:27:45,700.0,37.9,S
2021-06-23T13:27:45,1800.0,37.9,S
2021-06-23T13:27:45,1000.0,37.95,S
2021-06-23T13:27:44,8000.0,37.95,S
2021-06-23T13:27:29,1000.0,37.95,S
2021-06-23T13:27:24,500.0,38.0,B
2021-06-23T13:27:10,500.0,38.0,B
2021-06-23T13:26:44,300.0,37.95,B
2021-06-23T13:26:35,900.0,37.95,B
2021-06-23T13:26:28,1500.0,37.95,B
2021-06-23T13:26:26,500.0,37.9,S
2021-06-23T13:26:06,1100.0,37.95,B
2021-06-23T13:26:06,2900.0,37.95,B
2021-06-23T13:26:01,200.0,37.9,S
2021-06-23T13:25:53,300.0,37.9,S
2021-06-23T13:25:50,3600.0,37.85,S
2021-06-23T13:25:47,500.0,37.85,S
2021-06-23T13:25:45,3600.0,37.85,S
2021-06-23T13:25:45,400.0,37.9,S
2021-06-23T13:25:42,500.0,37.9,S
2021-06-23T13:25:30,200.0,37.9,S
2021-06-23T13:25:13,800.0,37.8,S
2021-06-23T13:25:13,2900.0,37.8,S
2021-06-23T13:25:13,4400.0,37.8,S
2021-06-23T13:25:13,5600.0,37.8,S
2021-06-23T13:25:13,1000.0,37.8,S
2021-06-23T13:25:13,1500.0,37.8,S
2021-06-23T13:25:13,10500.0,37.8,S
2021-06-23T13:25:13,500.0,37.8,S
2021-06-23T13:25:13,1200.0,37.8,S
2021-06-23T13:25:13,1300.0,37.8,S
2021-06-23T13:25:13,2000.0,37.8,S
2021-06-23T13:25:13,1300.0,37.8,S
2021-06-23T13:25:13,20000.0,37.8,S
2021-06-23T13:25:13,2300.0,37.8,S
2021-06-23T13:25:13,1600.0,37.8,S
2021-06-23T13:25:13,200.0,37.8,S
2021-06-23T13:25:12,300.0,37.8,S
2021-06-23T13:25:12,7200.0,37.8,S
2021-06-23T13:25:12,100.0,37.8,S
2021-06-23T13:25:12,3200.0,37.8,S
2021-06-23T13:25:12,500.0,37.85,S
2021-06-23T13:25:12,1500.0,37.85,S
2021-06-23T13:25:12,30100.0,37.85,S
2021-06-23T13:25:05,500.0,37.95,B
2021-06-23T13:24:59,3900.0,37.85,S
2021-06-23T13:24:44,5000.0,37.95,B
2021-06-23T13:24:43,100.0,37.9,B
2021-06-23T13:24:43,1100.0,37.9,B
2021-06-23T13:24:43,2000.0,37.9,B
2021-06-23T13:24:37,100.0,37.9,B
2021-06-23T13:24:23,600.0,37.9,B
2021-06-23T13:24:16,1400.0,37.9,S
2021-06-23T13:23:56,800.0,37.9,S
2021-06-23T13:23:53,5000.0,37.9,S
2021-06-23T13:23:51,100.0,37.85,S
2021-06-23T13:23:42,300.0,37.9,S
2021-06-23T13:23:34,2600.0,37.9,S
2021-06-23T13:23:34,300.0,37.9,S
2021-06-23T13:23:28,100.0,37.9,S
2021-06-23T13:23:25,500.0,37.9,S
2021-06-23T13:23:23,300.0,37.9,S
2021-06-23T13:23:22,1000.0,37.9,S
2021-06-23T13:23:20,1400.0,37.9,S
2021-06-23T13:23:19,600.0,37.9,S
2021-06-23T13:23:19,400.0,37.9,S
2021-06-23T13:23:19,200.0,37.9,S
2021-06-23T13:23:19,1600.0,37.9,S
2021-06-23T13:23:19,400.0,37.9,S
2021-06-23T13:23:19,1000.0,37.9,S
2021-06-23T13:23:19,900.0,37.9,S
2021-06-23T13:23:19,1000.0,37.9,S
2021-06-23T13:23:18,6200.0,37.9,S
2021-06-23T13:23:13,100.0,37.9,S
2021-06-23T13:22:48,2300.0,37.9,S
2021-06-23T13:22:41,5200.0,37.9,S
2021-06-23T13:22:35,2000.0,38.0,B
2021-06-23T13:22:30,500.0,37.9,S
2021-06-23T13:22:25,500.0,37.95,S
2021-06-23T13:22:22,2300.0,38.0,B
2021-06-23T13:22:19,5000.0,37.95,S
2021-06-23T13:22:15,500.0,37.95,S
2021-06-23T13:22:04,1000.0,37.95,S
2021-06-23T13:22:03,2900.0,37.9,S
2021-06-23T13:22:02,100.0,37.9,S
2021-06-23T13:22:02,1900.0,37.9,S
2021-06-23T13:21:58,200.0,37.95,S
2021-06-23T13:21:47,1000.0,37.95,S
2021-06-23T13:21:46,300.0,37.9,S
2021-06-23T13:21:46,700.0,37.9,S
2021-06-23T13:21:46,800.0,37.9,S
2021-06-23T13:21:46,800.0,37.9,S
2021-06-23T13:21:46,1800.0,37.9,S
2021-06-23T13:21:46,6400.0,37.9,S
2021-06-23T13:21:46,2000.0,37.9,S
2021-06-23T13:21:46,1400.0,37.9,S
2021-06-23T13:21:46,2500.0,37.9,S
2021-06-23T13:21:46,3300.0,37.9,S
2021-06-23T13:21:30,200.0,37.95,S
2021-06-23T13:21:28,100.0,37.9,S
2021-06-23T13:21:24,900.0,37.95,S
2021-06-23T13:21:22,1000.0,37.95,S
2021-06-23T13:21:13,1000.0,37.9,S
2021-06-23T13:21:12,4900.0,38.0,B
2021-06-23T13:21:11,100.0,38.0,B
2021-06-23T13:21:10,6400.0,38.0,B
2021-06-23T13:21:10,2000.0,38.0,B
2021-06-23T13:21:10,11600.0,38.0,B
2021-06-23T13:21:10,3000.0,37.95,S
2021-06-23T13:21:09,100.0,37.95,S
2021-06-23T13:21:08,5500.0,37.95,S
2021-06-23T13:21:07,500.0,38.0,B
2021-06-23T13:20:55,2000.0,38.0,B
2021-06-23T13:20:40,100.0,38.0,B
2021-06-23T13:20:36,200.0,38.0,B
2021-06-23T13:20:13,5000.0,38.0,B
2021-06-23T13:20:12,1000.0,37.9,S
2021-06-23T13:20:10,30000.0,38.0,B
2021-06-23T13:20:10,1000.0,37.9,S
2021-06-23T13:20:06,500.0,37.95,B
2021-06-23T13:20:03,100.0,37.95,B
2021-06-23T13:20:02,2000.0,37.95,B
2021-06-23T13:20:01,2000.0,37.9,S
2021-06-23T13:19:57,900.0,37.9,S
2021-06-23T13:19:57,1500.0,37.9,S
2021-06-23T13:19:56,6000.0,37.95,B
2021-06-23T13:19:52,2000.0,37.95,B
2021-06-23T13:19:52,300.0,37.9,S
2021-06-23T13:19:44,2100.0,37.9,S
2021-06-23T13:19:43,1000.0,37.9,S
2021-06-23T13:19:42,100.0,37.95,B
2021-06-23T13:19:29,8500.0,37.9,S
2021-06-23T13:19:29,7900.0,37.9,S
2021-06-23T13:19:29,13600.0,37.9,S
2021-06-23T13:19:28,3000.0,37.95,B
2021-06-23T13:19:20,400.0,37.95,B
2021-06-23T13:19:19,1600.0,37.9,S
2021-06-23T13:19:18,5000.0,37.9,S
2021-06-23T13:19:14,200.0,37.95,B
2021-06-23T13:19:04,5000.0,37.9,S
2021-06-23T13:19:02,800.0,37.9,S
2021-06-23T13:18:53,2100.0,37.9,S
2021-06-23T13:18:49,5800.0,37.9,S
2021-06-23T13:18:49,3200.0,37.95,B
2021-06-23T13:18:48,1800.0,37.95,B
2021-06-23T13:18:38,200.0,37.95,B
2021-06-23T13:18:34,100.0,37.95,B
2021-06-23T13:18:15,300.0,37.95,S
2021-06-23T13:18:14,200.0,37.95,S
2021-06-23T13:18:14,200.0,37.9,S
2021-06-23T13:18:06,100.0,37.95,S
2021-06-23T13:17:57,100.0,37.95,S
2021-06-23T13:17:50,1000.0,37.95,S
2021-06-23T13:17:49,10000.0,37.95,S
2021-06-23T13:17:49,17000.0,37.95,S
2021-06-23T13:17:48,100.0,37.95,S
2021-06-23T13:17:38,2500.0,38.0,B
2021-06-23T13:17:36,500.0,38.0,B
2021-06-23T13:17:35,4100.0,37.95,S
2021-06-23T13:17:34,500.0,38.0,B
2021-06-23T13:17:31,100.0,38.0,B
2021-06-23T13:17:30,500.0,38.0,B
2021-06-23T13:17:16,100.0,38.0,B
2021-06-23T13:17:11,200.0,38.0,S
2021-06-23T13:17:03,1000.0,38.0,S
2021-06-23T13:16:58,7000.0,38.0,S
2021-06-23T13:16:56,100.0,38.0,S
2021-06-23T13:16:56,1000.0,38.05,B
2021-06-23T13:16:52,500.0,38.05,B
2021-06-23T13:16:43,1000.0,38.0,S
2021-06-23T13:16:40,400.0,38.0,S
2021-06-23T13:16:39,1600.0,38.0,S
2021-06-23T13:16:39,700.0,38.0,S
2021-06-23T13:16:39,100.0,38.0,S
2021-06-23T13:16:39,7600.0,38.0,S
2021-06-23T13:16:34,400.0,38.05,B
2021-06-23T13:16:33,5000.0,38.0,S
2021-06-23T13:16:32,1900.0,38.0,S
2021-06-23T13:16:32,2100.0,38.0,S
2021-06-23T13:16:31,5900.0,38.0,S
2021-06-23T13:16:28,1300.0,38.05,S
2021-06-23T13:16:23,1000.0,38.0,S
2021-06-23T13:16:14,3500.0,38.0,S
2021-06-23T13:16:14,5100.0,38.0,S
2021-06-23T13:16:14,1000.0,38.0,S
2021-06-23T13:16:14,800.0,38.0,S
2021-06-23T13:16:14,1900.0,38.0,S
2021-06-23T13:16:13,2000.0,38.0,S
2021-06-23T13:16:10,400.0,38.0,S
2021-06-23T13:16:10,600.0,38.0,S
2021-06-23T13:16:10,1100.0,38.0,S
2021-06-23T13:16:10,2000.0,38.0,S
2021-06-23T13:16:10,400.0,38.0,S
2021-06-23T13:16:10,1900.0,38.0,S
2021-06-23T13:16:10,400.0,38.0,S
2021-06-23T13:16:10,1300.0,38.0,S
2021-06-23T13:16:10,1000.0,38.0,S
2021-06-23T13:16:10,1000.0,38.0,S
2021-06-23T13:16:10,4200.0,38.0,S
2021-06-23T13:16:10,500.0,38.0,S
2021-06-23T13:16:10,20700.0,38.0,S
2021-06-23T13:16:10,5500.0,38.0,S
2021-06-23T13:16:08,100.0,38.0,S
2021-06-23T13:16:05,1000.0,38.0,S
2021-06-23T13:16:02,900.0,38.05,S
2021-06-23T13:16:00,600.0,38.05,S
2021-06-23T13:15:59,1600.0,38.0,S
2021-06-23T13:15:59,100.0,38.0,S
2021-06-23T13:15:59,4500.0,38.0,S
2021-06-23T13:15:59,1000.0,38.0,S
2021-06-23T13:15:59,4100.0,38.0,S
2021-06-23T13:15:59,7700.0,38.0,S
2021-06-23T13:15:51,1700.0,38.05,S
2021-06-23T13:15:39,5000.0,38.05,S
2021-06-23T13:15:29,9300.0,38.05,S
2021-06-23T13:15:29,700.0,38.05,S
2021-06-23T13:15:12,700.0,38.1,S
2021-06-23T13:15:07,500.0,38.1,S
2021-06-23T13:14:58,2000.0,38.1,S
2021-06-23T13:14:52,1000.0,38.1,S
2021-06-23T13:14:50,100.0,38.2,S
2021-06-23T13:14:42,1500.0,38.25,B
2021-06-23T13:14:41,500.0,38.2,S
2021-06-23T13:14:39,2000.0,38.1,S
2021-06-23T13:14:22,400.0,38.2,S
2021-06-23T13:14:16,1000.0,38.2,S
2021-06-23T13:14:03,1000.0,38.3,B
2021-06-23T13:13:52,2000.0,38.3,B
2021-06-23T13:13:52,2000.0,38.3,B
2021-06-23T13:13:49,100.0,38.3,B
2021-06-23T13:13:45,900.0,38.1,S
2021-06-23T13:13:44,3100.0,38.15,S
2021-06-23T13:13:41,500.0,38.3,B
2021-06-23T13:13:41,500.0,38.3,B
2021-06-23T13:13:34,2000.0,38.3,S
2021-06-23T13:13:33,2000.0,38.25,S
2021-06-23T13:13:18,300.0,38.3,S
2021-06-23T13:13:18,400.0,38.3,S
2021-06-23T13:13:18,13600.0,38.3,S
2021-06-23T13:13:18,4600.0,38.3,S
2021-06-23T13:13:17,2000.0,38.35,S
2021-06-23T13:13:08,500.0,38.35,B
2021-06-23T13:13:07,400.0,38.35,B
2021-06-23T13:13:03,100.0,38.35,B
2021-06-23T13:13:00,2000.0,38.3,S
2021-06-23T13:13:00,1000.0,38.35,B
2021-06-23T13:12:50,5000.0,38.4,B
2021-06-23T13:12:50,2000.0,38.4,B
2021-06-23T13:12:47,200.0,38.35,S
2021-06-23T13:12:46,800.0,38.4,B
2021-06-23T13:12:28,20000.0,38.4,B
2021-06-23T13:12:23,1000.0,38.35,S
2021-06-23T13:12:20,5500.0,38.35,S
2021-06-23T13:12:01,100.0,38.4,B
2021-06-23T13:12:01,3100.0,38.35,S
2021-06-23T13:12:01,2900.0,38.35,S
2021-06-23T13:11:56,300.0,38.4,B
2021-06-23T13:11:48,200.0,38.4,B
2021-06-23T13:11:42,500.0,38.4,B
2021-06-23T13:11:30,1600.0,38.4,B
2021-06-23T13:11:26,7100.0,38.35,B
2021-06-23T13:11:20,2900.0,38.35,S
2021-06-23T13:11:18,2000.0,38.35,S
2021-06-23T13:11:10,2500.0,38.4,B
2021-06-23T13:11:10,7500.0,38.4,B
2021-06-23T13:11:10,300.0,38.4,B
2021-06-23T13:11:01,500.0,38.35,S
2021-06-23T13:11:01,700.0,38.35,S
2021-06-23T13:11:00,1800.0,38.35,S
2021-06-23T13:10:57,100.0,38.4,B
2021-06-23T13:10:45,200.0,38.35,S
2021-06-23T13:10:24,200.0,38.35,S
2021-06-23T13:10:21,1000.0,38.4,B
2021-06-23T13:10:14,200.0,38.4,B
2021-06-23T13:10:09,1000.0,38.35,S
2021-06-23T13:09:46,2000.0,38.35,S
2021-06-23T13:09:32,1000.0,38.35,S
2021-06-23T13:09:22,500.0,38.35,S
2021-06-23T13:09:19,1000.0,38.4,B
2021-06-23T13:09:03,3800.0,38.35,S
2021-06-23T13:08:59,100.0,38.4,B
2021-06-23T13:08:53,1000.0,38.35,S
2021-06-23T13:08:49,500.0,38.35,S
2021-06-23T13:08:45,300.0,38.4,B
2021-06-23T13:08:43,300.0,38.35,S
2021-06-23T13:08:34,1000.0,38.35,S
2021-06-23T13:08:26,2700.0,38.35,B
2021-06-23T13:08:24,200.0,38.35,B
2021-06-23T13:08:24,100.0,38.35,B
2021-06-23T13:08:12,100.0,38.35,B
2021-06-23T13:08:08,8000.0,38.35,B
2021-06-23T13:08:08,1000.0,38.35,B
2021-06-23T13:08:07,3000.0,38.3,S
2021-06-23T13:08:06,100.0,38.35,B
2021-06-23T13:08:06,200.0,38.3,S
2021-06-23T13:08:05,1000.0,38.3,S
2021-06-23T13:08:04,3000.0,38.35,B
2021-06-23T13:08:01,500.0,38.35,B
2021-06-23T13:07:38,200.0,38.35,B
2021-06-23T13:07:37,300.0,38.35,B
2021-06-23T13:07:18,200.0,38.35,B
2021-06-23T13:07:12,200.0,38.3,S
2021-06-23T13:07:09,2300.0,38.3,B
2021-06-23T13:07:03,5000.0,38.25,S
2021-06-23T13:06:50,100.0,38.3,B
2021-06-23T13:06:49,200.0,38.3,B
2021-06-23T13:06:46,5000.0,38.3,B
2021-06-23T13:06:33,1000.0,38.25,S
2021-06-23T13:06:15,10000.0,38.3,B
2021-06-23T13:06:12,400.0,38.2,B
2021-06-23T13:06:11,500.0,38.2,B
2021-06-23T13:06:00,300.0,38.2,B
2021-06-23T13:05:45,20000.0,38.2,B
2021-06-23T13:05:43,100.0,38.1,S
2021-06-23T13:05:36,4000.0,38.1,S
2021-06-23T13:05:32,500.0,38.2,B
2021-06-23T13:05:30,200.0,38.1,S
2021-06-23T13:05:25,3000.0,38.1,S
2021-06-23T13:04:38,1500.0,38.1,S
2021-06-23T13:04:34,3300.0,38.1,S
2021-06-23T13:04:33,300.0,38.2,B
2021-06-23T13:04:04,6000.0,38.1,S
2021-06-23T13:03:58,500.0,38.1,S
2021-06-23T13:03:58,100.0,38.1,S
2021-06-23T13:03:57,100.0,38.1,S
2021-06-23T13:03:46,1000.0,38.1,S
2021-06-23T13:03:38,100.0,38.2,B
2021-06-23T13:03:36,2000.0,38.1,S
2021-06-23T13:03:32,600.0,38.2,S
2021-06-23T13:03:31,2000.0,38.3,B
2021-06-23T13:02:54,3500.0,38.2,B
2021-06-23T13:02:53,1000.0,38.2,B
2021-06-23T13:02:51,200.0,38.2,B
2021-06-23T13:02:39,1000.0,38.2,B
2021-06-23T13:02:28,7000.0,38.2,B
2021-06-23T13:02:24,100.0,38.15,S
2021-06-23T13:02:17,100.0,38.15,S
2021-06-23T13:02:06,2500.0,38.15,S
2021-06-23T13:02:04,4000.0,38.2,B
2021-06-23T13:01:36,10000.0,38.15,S
2021-06-23T13:01:29,100.0,38.2,B
2021-06-23T13:01:23,600.0,38.15,S
2021-06-23T13:01:19,100.0,38.2,B
2021-06-23T13:01:16,200.0,38.15,S
2021-06-23T13:01:16,200.0,38.15,S
2021-06-23T13:01:11,1000.0,38.15,S
2021-06-23T13:01:08,600.0,38.15,S
2021-06-23T13:01:05,200.0,38.15,S
2021-06-23T13:01:01,800.0,38.15,S
2021-06-23T13:00:58,100.0,38.15,S
2021-06-23T13:00:52,100.0,38.15,S
2021-06-23T13:00:48,200.0,38.1,S
2021-06-23T13:00:48,100.0,38.1,S
2021-06-23T13:00:48,4700.0,38.1,S
2021-06-23T13:00:46,200.0,38.15,S
2021-06-23T13:00:43,1400.0,38.15,S
2021-06-23T13:00:42,500.0,38.15,S
2021-06-23T13:00:41,500.0,38.1,S
2021-06-23T13:00:38,5100.0,38.15,S
2021-06-23T13:00:38,2900.0,38.15,S
2021-06-23T13:00:38,500.0,38.15,S
2021-06-23T13:00:34,500.0,38.15,S
2021-06-23T13:00:32,600.0,38.15,S
2021-06-23T13:00:31,1200.0,38.15,S
2021-06-23T13:00:26,2500.0,38.15,S
2021-06-23T13:00:23,1000.0,38.2,B
2021-06-23T13:00:23,100.0,38.2,B
2021-06-23T13:00:20,300.0,38.15,S
2021-06-23T13:00:17,100.0,38.15,S
2021-06-23T13:00:17,200.0,38.1,S
2021-06-23T13:00:14,7900.0,38.2,B
2021-06-23T13:00:14,2100.0,38.15,S
2021-06-23T13:00:10,900.0,38.15,S
2021-06-23T13:00:10,300.0,38.15,S
2021-06-23T13:00:10,400.0,38.15,S
2021-06-23T13:00:10,400.0,38.15,S
2021-06-23T13:00:10,3000.0,38.15,S
2021-06-23T13:00:08,500.0,38.2,B
2021-06-23T13:00:06,3000.0,38.2,B
2021-06-23T13:00:06,200.0,38.1,S
2021-06-23T13:00:06,500.0,38.2,B
2021-06-23T11:30:03,200.0,38.15,S
2021-06-23T11:30:02,100.0,38.2,B
2021-06-23T11:29:25,100.0,38.1,S
2021-06-23T11:29:24,500.0,38.1,S
2021-06-23T11:29:16,600.0,38.2,B
2021-06-23T11:28:52,5000.0,38.1,B
2021-06-23T11:28:51,1000.0,38.2,B
2021-06-23T11:28:47,1000.0,38.1,B
2021-06-23T11:28:43,1000.0,38.1,B
2021-06-23T11:28:38,1000.0,38.2,B
2021-06-23T11:28:35,4300.0,38.1,B
2021-06-23T11:28:33,500.0,38.1,B
2021-06-23T11:28:26,2500.0,38.0,S
2021-06-23T11:28:20,1000.0,38.1,B
2021-06-23T11:28:19,6500.0,38.0,B
2021-06-23T11:28:05,4100.0,38.0,B
2021-06-23T11:28:03,100.0,38.0,B
2021-06-23T11:27:54,500.0,38.0,B
2021-06-23T11:27:54,800.0,38.0,B
2021-06-23T11:27:52,4100.0,38.0,B
2021-06-23T11:27:49,100.0,38.0,B
2021-06-23T11:27:49,1300.0,38.0,B
2021-06-23T11:27:48,700.0,38.0,B
2021-06-23T11:27:48,100.0,38.0,B
2021-06-23T11:27:47,100.0,38.0,B
2021-06-23T11:27:47,100.0,38.0,B
2021-06-23T11:27:42,100.0,38.0,B
2021-06-23T11:27:42,2800.0,38.0,B
2021-06-23T11:27:41,7200.0,38.0,B
2021-06-23T11:27:40,2000.0,38.0,B
2021-06-23T11:27:39,10000.0,38.0,B
2021-06-23T11:27:30,5000.0,38.0,B
2021-06-23T11:27:29,100.0,38.0,B
2021-06-23T11:27:27,200.0,38.0,B
2021-06-23T11:27:23,1000.0,38.0,B
2021-06-23T11:27:18,200.0,38.0,B
2021-06-23T11:27:17,5000.0,38.0,B
2021-06-23T11:27:06,1000.0,38.0,B
2021-06-23T11:27:01,200.0,38.0,B
2021-06-23T11:26:55,200.0,38.0,B
2021-06-23T11:26:55,800.0,37.9,B
2021-06-23T11:26:53,3000.0,37.9,B
2021-06-23T11:26:47,2000.0,38.0,B
2021-06-23T11:26:43,500.0,37.9,B
2021-06-23T11:26:37,200.0,38.0,B
2021-06-23T11:26:35,200.0,37.9,B
2021-06-23T11:26:33,1000.0,38.0,B
2021-06-23T11:26:32,300.0,37.9,B
2021-06-23T11:26:22,500.0,38.0,B
2021-06-23T11:26:19,1000.0,37.9,B
2021-06-23T11:26:15,1000.0,37.9,B
2021-06-23T11:26:14,300.0,38.0,B
2021-06-23T11:26:14,1200.0,38.0,B
2021-06-23T11:26:14,500.0,38.0,B
2021-06-23T11:26:14,3000.0,38.0,B
2021-06-23T11:26:13,1200.0,38.0,B
2021-06-23T11:26:13,5700.0,38.0,B
2021-06-23T11:26:13,1000.0,38.0,B
2021-06-23T11:26:13,2100.0,38.0,B
2021-06-23T11:26:06,3000.0,37.9,B
2021-06-23T11:26:03,100.0,37.9,B
2021-06-23T11:25:45,500.0,38.0,B
2021-06-23T11:25:45,500.0,37.9,B
2021-06-23T11:25:43,5000.0,37.9,B
2021-06-23T11:25:43,6100.0,37.9,B
2021-06-23T11:25:43,1600.0,37.9,B
2021-06-23T11:25:39,18000.0,37.8,S
2021-06-23T11:25:39,500.0,37.9,B
2021-06-23T11:25:38,1000.0,37.9,B
2021-06-23T11:25:37,1000.0,37.9,B
2021-06-23T11:25:32,5000.0,37.85,S
2021-06-23T11:25:32,100.0,37.9,B
2021-06-23T11:25:23,200.0,37.85,S
2021-06-23T11:25:23,300.0,37.85,S
2021-06-23T11:25:19,200.0,37.9,B
2021-06-23T11:25:17,5000.0,37.9,B
2021-06-23T11:25:14,3000.0,37.85,S
2021-06-23T11:25:09,800.0,37.9,B
2021-06-23T11:25:09,200.0,37.9,B
2021-06-23T11:25:08,8000.0,37.9,B
2021-06-23T11:24:55,100.0,37.85,B
2021-06-23T11:24:54,200.0,37.9,B
2021-06-23T11:24:39,1000.0,37.85,B
2021-06-23T11:24:24,1200.0,37.85,B
2021-06-23T11:24:18,6000.0,37.85,B
2021-06-23T11:24:16,900.0,37.85,B
2021-06-23T11:24:14,5300.0,37.85,B
2021-06-23T11:24:14,200.0,37.8,B
2021-06-23T11:24:14,200.0,37.8,B
2021-06-23T11:24:14,100.0,37.8,B
2021-06-23T11:24:14,200.0,37.8,B
2021-06-23T11:24:14,3000.0,37.8,B
2021-06-23T11:24:14,1500.0,37.8,B
2021-06-23T11:24:14,21900.0,37.8,B
2021-06-23T11:24:10,1000.0,37.8,B
2021-06-23T11:24:09,1500.0,37.8,B
2021-06-23T11:24:05,4100.0,37.8,B
2021-06-23T11:24:03,200.0,37.8,B
2021-06-23T11:24:00,1000.0,37.8,B
2021-06-23T11:24:00,3100.0,37.8,B
2021-06-23T11:23:59,1400.0,37.8,B
2021-06-23T11:23:47,200.0,37.8,B
2021-06-23T11:23:39,500.0,37.8,B
2021-06-23T11:23:35,500.0,37.8,B
2021-06-23T11:23:34,800.0,37.8,B
2021-06-23T11:23:32,500.0,37.8,B
2021-06-23T11:23:28,500.0,37.8,B
2021-06-23T11:23:16,1500.0,37.75,S
2021-06-23T11:22:50,600.0,37.8,B
2021-06-23T11:22:45,2000.0,37.8,B
2021-06-23T11:22:38,2200.0,37.75,S
2021-06-23T11:22:32,6000.0,37.8,B
2021-06-23T11:22:30,100.0,37.7,S
2021-06-23T11:22:30,600.0,37.7,S
2021-06-23T11:22:25,400.0,37.7,S
2021-06-23T11:22:19,600.0,37.7,S
2021-06-23T11:22:19,100.0,37.7,S
2021-06-23T11:22:16,300.0,37.7,S
2021-06-23T11:22:07,3000.0,37.7,S
2021-06-23T11:22:01,100.0,37.75,S
2021-06-23T11:21:56,100.0,37.7,S
2021-06-23T11:21:53,500.0,37.6,S
2021-06-23T11:21:45,3000.0,37.7,S
2021-06-23T11:21:36,1500.0,37.6,S
2021-06-23T11:21:28,100.0,37.7,S
2021-06-23T11:21:13,500.0,37.6,S
2021-06-23T11:21:10,100.0,37.7,S
2021-06-23T11:21:09,5500.0,37.6,S
2021-06-23T11:21:09,100.0,37.7,S
2021-06-23T11:21:08,100.0,37.7,S
2021-06-23T11:21:06,1100.0,37.7,S
2021-06-23T11:20:56,100.0,37.7,S
2021-06-23T11:20:56,300.0,37.7,S
2021-06-23T11:20:51,1400.0,37.7,S
2021-06-23T11:20:49,1500.0,37.6,S
2021-06-23T11:20:46,10000.0,37.8,B
2021-06-23T11:20:40,400.0,37.7,S
2021-06-23T11:20:37,300.0,37.6,S
2021-06-23T11:20:36,2000.0,37.5,S
2021-06-23T11:20:30,1200.0,37.5,S
2021-06-23T11:20:30,7200.0,37.5,S
2021-06-23T11:20:30,1600.0,37.6,S
2021-06-23T11:20:27,200.0,37.7,S
2021-06-23T11:20:25,2000.0,37.6,S
2021-06-23T11:20:23,5000.0,37.7,S
2021-06-23T11:20:22,100.0,37.8,B
2021-06-23T11:20:20,100.0,37.8,B
2021-06-23T11:20:16,1000.0,37.6,S
2021-06-23T11:20:13,200.0,37.6,S
2021-06-23T11:20:12,100.0,37.8,B
2021-06-23T11:20:11,100.0,37.8,B
2021-06-23T11:20:11,500.0,37.8,B
2021-06-23T11:20:08,1000.0,37.6,S
2021-06-23T11:20:05,100.0,37.8,B
2021-06-23T11:20:01,600.0,37.8,B
2021-06-23T11:19:53,2000.0,37.6,S
2021-06-23T11:19:51,5000.0,37.6,S
2021-06-23T11:19:49,100.0,37.65,S
2021-06-23T11:19:42,5000.0,37.65,S
2021-06-23T11:19:40,2100.0,37.8,B
2021-06-23T11:19:40,1500.0,37.8,B
2021-06-23T11:19:39,1000.0,37.85,B
2021-06-23T11:19:36,1000.0,37.8,B
2021-06-23T11:19:29,2900.0,37.8,B
2021-06-23T11:19:29,2500.0,37.6,S
2021-06-23T11:19:26,500.0,37.6,S
2021-06-23T11:19:22,2000.0,37.5,S
2021-06-23T11:19:22,7000.0,37.6,S
2021-06-23T11:19:21,4000.0,37.7,S
2021-06-23T11:19:19,100.0,37.8,B
2021-06-23T11:19:10,200.0,37.85,B
2021-06-23T11:19:10,100.0,37.5,S
2021-06-23T11:19:10,300.0,37.5,S
2021-06-23T11:19:10,3100.0,37.5,S
2021-06-23T11:19:10,500.0,37.55,S
2021-06-23T11:19:09,2000.0,37.8,B
2021-06-23T11:19:08,100.0,37.8,B
2021-06-23T11:19:08,1200.0,37.5,S
2021-06-23T11:19:08,200.0,37.5,S
2021-06-23T11:19:08,3400.0,37.5,S
2021-06-23T11:19:07,1000.0,37.6,S
2021-06-23T11:18:50,100.0,37.6,S
2021-06-23T11:18:49,200.0,37.6,S
2021-06-23T11:18:45,1100.0,37.5,S
2021-06-23T11:18:45,6900.0,37.5,S
2021-06-23T11:18:38,10000.0,37.6,S
2021-06-23T11:18:35,10500.0,37.7,S
2021-06-23T11:18:27,2000.0,37.8,S
2021-06-23T11:18:27,400.0,37.8,S
2021-06-23T11:18:23,1000.0,37.7,S
2021-06-23T11:18:19,14500.0,37.55,S
2021-06-23T11:18:16,1800.0,37.55,S
2021-06-23T11:18:15,1500.0,37.55,S
2021-06-23T11:18:14,2200.0,37.55,S
2021-06-23T11:18:08,500.0,37.6,S
2021-06-23T11:18:04,4600.0,37.8,S
2021-06-23T11:18:03,500.0,37.8,S
2021-06-23T11:18:02,500.0,37.8,S
2021-06-23T11:17:58,500.0,37.6,S
2021-06-23T11:17:56,500.0,37.6,S
2021-06-23T11:17:56,5300.0,37.0,S
2021-06-23T11:17:56,100.0,37.0,S
2021-06-23T11:17:56,200.0,37.0,S
2021-06-23T11:17:56,900.0,37.0,S
2021-06-23T11:17:56,100.0,37.0,S
2021-06-23T11:17:56,4100.0,37.0,S
2021-06-23T11:17:56,100.0,37.0,S
2021-06-23T11:17:56,500.0,37.0,S
2021-06-23T11:17:56,100.0,37.0,S
2021-06-23T11:17:56,1000.0,37.0,S
2021-06-23T11:17:56,3000.0,37.0,S
2021-06-23T11:17:56,300.0,37.0,S
2021-06-23T11:17:56,7500.0,37.3,S
2021-06-23T11:17:56,100.0,37.5,S
2021-06-23T11:17:56,300.0,37.5,S
2021-06-23T11:17:56,4100.0,37.5,S
2021-06-23T11:17:56,12400.0,37.5,S
2021-06-23T11:17:54,1000.0,37.6,S
2021-06-23T11:17:52,400.0,37.55,S
2021-06-23T11:17:49,5000.0,37.5,S
2021-06-23T11:17:48,300.0,37.55,S
2021-06-23T11:17:47,100.0,37.55,S
2021-06-23T11:17:45,3000.0,37.55,S
2021-06-23T11:17:45,4300.0,37.5,S
2021-06-23T11:17:45,10700.0,37.5,S
2021-06-23T11:17:43,2000.0,37.8,S
2021-06-23T11:17:42,1300.0,37.0,S
2021-06-23T11:17:42,3200.0,37.0,S
2021-06-23T11:17:42,400.0,37.3,S
2021-06-23T11:17:41,100.0,37.5,S
2021-06-23T11:17:40,500.0,37.5,S
2021-06-23T11:17:40,200.0,37.5,S
2021-06-23T11:17:40,1000.0,37.5,S
2021-06-23T11:17:40,1200.0,37.5,S
2021-06-23T11:17:40,6500.0,37.5,S
2021-06-23T11:17:40,600.0,37.5,S
2021-06-23T11:17:37,1700.0,37.5,S
2021-06-23T11:17:37,5100.0,37.5,S
2021-06-23T11:17:36,3200.0,37.8,S
2021-06-23T11:17:36,2000.0,37.8,S
2021-06-23T11:17:26,100.0,37.8,S
2021-06-23T11:17:25,700.0,37.85,S
2021-06-23T11:17:20,15000.0,37.5,S
2021-06-23T11:17:18,4200.0,37.6,S
2021-06-23T11:17:13,2000.0,37.6,S
2021-06-23T11:17:12,500.0,37.9,S
2021-06-23T11:17:11,3500.0,37.0,S
2021-06-23T11:17:11,100.0,37.0,S
2021-06-23T11:17:11,1600.0,37.0,S
2021-06-23T11:17:11,7100.0,37.0,S
2021-06-23T11:17:11,700.0,37.0,S
2021-06-23T11:17:11,100.0,37.0,S
2021-06-23T11:17:11,10100.0,37.0,S
2021-06-23T11:17:11,13000.0,37.05,S
2021-06-23T11:17:11,1100.0,37.1,S
2021-06-23T11:17:10,600.0,37.1,S
2021-06-23T11:17:10,10700.0,37.1,S
2021-06-23T11:17:10,6100.0,37.2,S
2021-06-23T11:17:10,4000.0,37.2,S
2021-06-23T11:17:10,6200.0,37.2,S
2021-06-23T11:17:10,1600.0,37.3,S
2021-06-23T11:17:10,9100.0,37.3,S
2021-06-23T11:17:10,5000.0,37.35,S
2021-06-23T11:17:10,1600.0,37.4,S
2021-06-23T11:17:10,5200.0,37.4,S
2021-06-23T11:17:10,600.0,37.4,S
2021-06-23T11:17:10,3200.0,37.4,S
2021-06-23T11:17:10,1200.0,37.45,S
2021-06-23T11:17:10,700.0,37.5,S
2021-06-23T11:17:10,1600.0,37.5,S
2021-06-23T11:17:10,3800.0,37.5,S
2021-06-23T11:17:10,30700.0,37.5,S
2021-06-23T11:17:10,300.0,37.5,S
2021-06-23T11:17:10,2200.0,37.5,S
2021-06-23T11:17:10,400.0,37.5,S
2021-06-23T11:17:10,300.0,37.5,S
2021-06-23T11:17:10,1700.0,37.5,S
2021-06-23T11:17:10,5000.0,37.5,S
2021-06-23T11:17:09,1300.0,37.5,S
2021-06-23T11:17:09,4200.0,37.5,S
2021-06-23T11:17:09,8300.0,37.5,S
2021-06-23T11:17:09,1500.0,37.5,S
2021-06-23T11:17:09,500.0,37.5,S
2021-06-23T11:17:09,1500.0,37.5,S
2021-06-23T11:17:09,8100.0,37.5,S
2021-06-23T11:17:09,35500.0,37.5,S
2021-06-23T11:17:07,4500.0,37.6,S
2021-06-23T11:17:07,200.0,37.9,S
2021-06-23T11:16:57,4300.0,37.5,S
2021-06-23T11:16:57,14400.0,37.5,S
2021-06-23T11:16:54,100.0,37.8,S
2021-06-23T11:16:52,3000.0,37.8,S
2021-06-23T11:16:50,100.0,37.9,S
2021-06-23T11:16:44,300.0,37.5,S
2021-06-23T11:16:44,1800.0,37.5,S
2021-06-23T11:16:44,200.0,37.5,S
2021-06-23T11:16:44,3600.0,37.5,S
2021-06-23T11:16:44,500.0,37.5,S
2021-06-23T11:16:44,2000.0,37.5,S
2021-06-23T11:16:44,2500.0,37.5,S
2021-06-23T11:16:44,1200.0,37.5,S
2021-06-23T11:16:44,2600.0,37.5,S
2021-06-23T11:16:44,100.0,37.55,S
2021-06-23T11:16:44,1000.0,37.7,S
2021-06-23T11:16:44,4200.0,37.8,S
2021-06-23T11:16:28,4900.0,37.9,S
2021-06-23T11:16:28,300.0,37.55,S
2021-06-23T11:16:28,500.0,37.55,S
2021-06-23T11:16:28,2400.0,37.55,S
2021-06-23T11:16:28,4000.0,37.6,S
2021-06-23T11:16:28,100.0,37.6,S
2021-06-23T11:16:28,2700.0,37.6,S
2021-06-23T11:16:28,1000.0,37.6,S
2021-06-23T11:16:28,5100.0,37.6,S
2021-06-23T11:16:28,1000.0,37.6,S
2021-06-23T11:16:27,1500.0,37.6,S
2021-06-23T11:16:26,600.0,37.7,S
2021-06-23T11:16:26,600.0,37.7,S
2021-06-23T11:16:26,1700.0,37.7,S
2021-06-23T11:16:26,600.0,37.7,S
2021-06-23T11:16:26,1300.0,37.7,S
2021-06-23T11:16:26,7500.0,37.75,S
2021-06-23T11:16:26,16200.0,37.8,S
2021-06-23T11:16:25,100.0,38.0,B
2021-06-23T11:16:24,200.0,38.0,B
2021-06-23T11:16:21,3200.0,37.9,S
2021-06-23T11:16:21,10100.0,37.9,S
2021-06-23T11:16:21,2900.0,37.9,S
2021-06-23T11:16:20,5000.0,37.8,S
2021-06-23T11:16:18,300.0,37.85,S
2021-06-23T11:16:17,100.0,37.85,S
2021-06-23T11:16:11,400.0,37.75,S
2021-06-23T11:16:11,1100.0,37.8,S
2021-06-23T11:16:11,300.0,37.8,S
2021-06-23T11:16:11,300.0,37.8,S
2021-06-23T11:16:11,2400.0,37.8,S
2021-06-23T11:16:11,100.0,37.8,S
2021-06-23T11:16:11,5400.0,37.8,S
2021-06-23T11:16:06,200.0,37.85,S
2021-06-23T11:16:02,1000.0,37.8,S
2021-06-23T11:16:02,500.0,37.8,S
2021-06-23T11:15:56,1500.0,37.85,S
2021-06-23T11:15:51,5000.0,37.85,S
2021-06-23T11:15:45,100.0,37.85,S
2021-06-23T11:15:43,1000.0,37.85,S
2021-06-23T11:15:39,500.0,37.85,S
2021-06-23T11:15:38,200.0,37.8,S
2021-06-23T11:15:34,100.0,37.85,S
2021-06-23T11:15:19,800.0,37.8,S
2021-06-23T11:15:18,100.0,37.8,S
2021-06-23T11:15:18,100.0,37.8,S
2021-06-23T11:15:18,500.0,37.8,S
2021-06-23T11:15:13,100.0,37.8,S
2021-06-23T11:15:13,100.0,37.8,S
2021-06-23T11:15:12,500.0,37.8,S
2021-06-23T11:15:10,2000.0,37.8,S
2021-06-23T11:15:10,700.0,37.8,S
2021-06-23T11:15:10,100.0,37.8,S
2021-06-23T11:15:10,400.0,37.85,S
2021-06-23T11:15:10,500.0,37.8,S
2021-06-23T11:14:58,10000.0,37.85,S
2021-06-23T11:14:53,100.0,37.8,S
2021-06-23T11:14:53,500.0,37.8,S
2021-06-23T11:14:50,1000.0,37.8,S
2021-06-23T11:14:49,100.0,37.8,S
2021-06-23T11:14:44,2000.0,37.8,S
2021-06-23T11:14:41,5900.0,37.8,S
2021-06-23T11:14:40,100.0,37.9,S
2021-06-23T11:14:35,100.0,37.85,S
2021-06-23T11:14:35,3500.0,37.8,S
2021-06-23T11:14:35,500.0,37.8,S
2021-06-23T11:14:30,200.0,37.85,S
2021-06-23T11:14:21,100.0,37.85,S
2021-06-23T11:14:17,200.0,37.85,S
2021-06-23T11:14:14,300.0,37.8,S
2021-06-23T11:14:13,100.0,37.85,S
2021-06-23T11:14:09,300.0,37.8,S
2021-06-23T11:14:06,200.0,37.8,S
2021-06-23T11:14:06,500.0,37.9,S
2021-06-23T11:13:58,10000.0,38.0,B
2021-06-23T11:13:50,100.0,37.9,S
2021-06-23T11:13:50,900.0,37.9,S
2021-06-23T11:13:49,3000.0,38.0,B
2021-06-23T11:13:44,2000.0,37.9,S
2021-06-23T11:13:43,100.0,37.5,S
2021-06-23T11:13:43,1000.0,37.5,S
2021-06-23T11:13:43,100.0,37.5,S
2021-06-23T11:13:43,500.0,37.5,S
2021-06-23T11:13:43,3000.0,37.5,S
2021-06-23T11:13:43,2300.0,37.5,S
2021-06-23T11:13:43,3000.0,37.5,S
2021-06-23T11:13:43,200.0,37.5,S
2021-06-23T11:13:43,1500.0,37.5,S
2021-06-23T11:13:43,2200.0,37.5,S
2021-06-23T11:13:43,100.0,37.5,S
2021-06-23T11:13:43,6000.0,37.5,S
2021-06-23T11:13:41,3200.0,38.0,B
2021-06-23T11:13:40,46000.0,37.5,S
2021-06-23T11:13:40,1300.0,37.5,S
2021-06-23T11:13:39,200.0,37.5,S
2021-06-23T11:13:39,2700.0,37.5,S
2021-06-23T11:13:39,3000.0,37.5,S
2021-06-23T11:13:39,2600.0,37.5,S
2021-06-23T11:13:39,2800.0,37.5,S
2021-06-23T11:13:39,1200.0,37.5,S
2021-06-23T11:13:39,1000.0,37.5,S
2021-06-23T11:13:39,1200.0,37.5,S
2021-06-23T11:13:39,2600.0,37.55,S
2021-06-23T11:13:39,2000.0,37.6,S
2021-06-23T11:13:39,300.0,37.6,S
2021-06-23T11:13:39,1400.0,37.6,S
2021-06-23T11:13:39,300.0,37.6,S
2021-06-23T11:13:39,2200.0,37.6,S
2021-06-23T11:13:39,300.0,37.6,S
2021-06-23T11:13:39,2000.0,37.6,S
2021-06-23T11:13:39,400.0,37.6,S
2021-06-23T11:13:39,2200.0,37.6,S
2021-06-23T11:13:39,2900.0,37.6,S
2021-06-23T11:13:39,1300.0,37.65,S
2021-06-23T11:13:39,700.0,37.7,S
2021-06-23T11:13:38,700.0,37.7,S
2021-06-23T11:13:38,1200.0,37.7,S
2021-06-23T11:13:38,1400.0,37.7,S
2021-06-23T11:13:38,900.0,37.7,S
2021-06-23T11:13:38,1500.0,37.7,S
2021-06-23T11:13:38,3100.0,37.8,S
2021-06-23T11:13:38,3400.0,37.8,S
2021-06-23T11:13:38,3100.0,37.8,S
2021-06-23T11:13:38,2500.0,37.8,S
2021-06-23T11:13:38,4100.0,37.8,S
2021-06-23T11:13:38,700.0,37.8,S
2021-06-23T11:13:38,300.0,37.8,S
2021-06-23T11:13:38,200.0,37.8,S
2021-06-23T11:13:38,28100.0,37.8,S
2021-06-23T11:13:38,2300.0,37.8,S
2021-06-23T11:13:38,4200.0,37.8,S
2021-06-23T11:13:37,2100.0,37.8,S
2021-06-23T11:13:37,2000.0,37.8,S
2021-06-23T11:13:37,3200.0,37.8,S
2021-06-23T11:13:37,2700.0,37.8,S
2021-06-23T11:13:37,1600.0,37.8,S
2021-06-23T11:13:37,6300.0,37.8,S
2021-06-23T11:13:37,300.0,37.8,S
2021-06-23T11:13:37,100.0,37.8,S
2021-06-23T11:13:37,2200.0,37.8,S
2021-06-23T11:13:37,2200.0,37.8,S
2021-06-23T11:13:37,10200.0,37.8,S
2021-06-23T11:13:36,1000.0,37.8,S
2021-06-23T11:13:36,9300.0,37.8,S
2021-06-23T11:13:36,5900.0,37.8,S
2021-06-23T11:13:36,8800.0,37.85,S
2021-06-23T11:13:36,12000.0,37.85,S
2021-06-23T11:13:36,600.0,37.9,S
2021-06-23T11:13:36,400.0,37.9,S
2021-06-23T11:13:36,100.0,37.9,S
2021-06-23T11:13:36,16900.0,37.9,S
2021-06-23T11:13:32,1000.0,37.9,S
2021-06-23T11:13:20,1000.0,37.9,S
2021-06-23T11:13:19,1000.0,37.9,S
2021-06-23T11:13:14,1000.0,38.0,B
2021-06-23T11:13:10,1200.0,38.0,B
2021-06-23T11:13:07,10000.0,38.0,B
2021-06-23T11:13:03,100.0,38.0,B
2021-06-23T11:13:02,100.0,37.9,S
2021-06-23T11:13:02,100.0,37.9,S
2021-06-23T11:13:01,1000.0,38.0,B
2021-06-23T11:12:55,900.0,38.0,B
2021-06-23T11:12:52,500.0,38.0,S
2021-06-23T11:12:50,3000.0,37.9,S
2021-06-23T11:12:48,300.0,37.95,S
2021-06-23T11:12:47,2100.0,37.9,S
2021-06-23T11:12:47,1100.0,37.9,S
2021-06-23T11:12:47,3800.0,37.9,S
2021-06-23T11:12:44,800.0,37.9,S
2021-06-23T11:12:43,2000.0,38.0,S
2021-06-23T11:12:41,500.0,38.0,S
2021-06-23T11:12:38,1000.0,37.9,S
2021-06-23T11:12:30,1600.0,37.9,S
2021-06-23T11:12:29,200.0,38.0,S
2021-06-23T11:12:19,5700.0,37.9,S
2021-06-23T11:12:16,2000.0,38.0,S
2021-06-23T11:12:07,3000.0,38.0,S
2021-06-23T11:12:06,500.0,37.9,S
2021-06-23T11:12:05,10000.0,38.0,S
2021-06-23T11:12:05,400.0,37.9,S
2021-06-23T11:12:04,10000.0,37.8,S
2021-06-23T11:12:02,500.0,37.8,S
2021-06-23T11:12:00,100.0,37.9,S
2021-06-23T11:11:54,300.0,37.8,S
2021-06-23T11:11:54,500.0,37.9,S
2021-06-23T11:11:54,2000.0,37.9,S
2021-06-23T11:11:54,500.0,38.0,S
2021-06-23T11:11:53,4900.0,38.0,S
2021-06-23T11:11:53,6100.0,37.95,S
2021-06-23T11:11:49,8900.0,37.8,S
2021-06-23T11:11:49,1100.0,37.9,S
2021-06-23T11:11:46,500.0,37.95,S
2021-06-23T11:11:42,900.0,37.85,S
2021-06-23T11:11:42,100.0,37.9,S
2021-06-23T11:11:41,1200.0,37.95,S
2021-06-23T11:11:40,200.0,37.95,S
2021-06-23T11:11:39,100.0,38.0,S
2021-06-23T11:11:36,100.0,37.9,S
2021-06-23T11:11:34,100.0,37.9,S
2021-06-23T11:11:32,300.0,37.9,S
2021-06-23T11:11:28,52700.0,37.8,S
2021-06-23T11:11:28,1200.0,37.8,S
2021-06-23T11:11:28,11800.0,37.9,S
2021-06-23T11:11:28,2200.0,37.9,S
2021-06-23T11:11:27,8100.0,37.9,S
2021-06-23T11:11:26,3000.0,37.95,S
2021-06-23T11:11:20,2000.0,38.0,S
2021-06-23T11:11:16,3000.0,37.85,S
2021-06-23T11:11:16,5000.0,37.85,S
2021-06-23T11:11:14,500.0,37.9,S
2021-06-23T11:11:07,2000.0,38.0,S
2021-06-23T11:11:00,10000.0,37.8,S
2021-06-23T11:10:58,300.0,38.0,S
2021-06-23T11:10:55,200.0,38.0,S
2021-06-23T11:10:53,200.0,38.0,S
2021-06-23T11:10:52,500.0,37.95,S
2021-06-23T11:10:48,200.0,38.0,S
2021-06-23T11:10:48,3200.0,38.0,S
2021-06-23T11:10:47,6000.0,37.8,S
2021-06-23T11:10:47,100.0,37.95,S
2021-06-23T11:10:45,1000.0,37.95,S
2021-06-23T11:10:41,300.0,37.95,S
2021-06-23T11:10:41,700.0,37.95,S
2021-06-23T11:10:41,2700.0,37.9,S
2021-06-23T11:10:39,1300.0,37.95,S
2021-06-23T11:10:37,3000.0,37.9,S
2021-06-23T11:10:34,1000.0,38.0,S
2021-06-23T11:10:33,3000.0,38.0,S
2021-06-23T11:10:28,100.0,37.95,S
2021-06-23T11:10:22,1000.0,37.95,S
2021-06-23T11:10:12,1000.0,37.95,S
2021-06-23T11:10:09,100.0,37.95,S
2021-06-23T11:10:08,100.0,37.95,S
2021-06-23T11:10:07,2700.0,37.95,S
2021-06-23T11:10:06,1000.0,37.95,S
2021-06-23T11:10:05,1000.0,37.95,S
2021-06-23T11:10:04,3000.0,37.95,S
2021-06-23T11:10:03,2000.0,37.95,S
2021-06-23T11:09:55,500.0,38.0,S
2021-06-23T11:09:53,500.0,38.0,S
2021-06-23T11:09:52,1000.0,38.0,S
2021-06-23T11:09:51,19200.0,37.8,S
2021-06-23T11:09:51,3600.0,37.8,S
2021-06-23T11:09:51,100.0,37.8,S
2021-06-23T11:09:51,800.0,37.8,S
2021-06-23T11:09:51,100.0,37.8,S
2021-06-23T11:09:51,1900.0,37.8,S
2021-06-23T11:09:51,100.0,37.9,S
2021-06-23T11:09:49,7300.0,37.9,S
2021-06-23T11:09:48,2000.0,38.0,S
2021-06-23T11:09:46,200.0,38.0,S
2021-06-23T11:09:46,300.0,38.0,S
2021-06-23T11:09:44,100.0,38.0,S
2021-06-23T11:09:42,200.0,38.0,S
2021-06-23T11:09:39,200.0,38.0,S
2021-06-23T11:09:38,500.0,38.0,S
2021-06-23T11:09:35,500.0,38.0,S
2021-06-23T11:09:34,2000.0,38.0,S
2021-06-23T11:09:33,200.0,38.0,S
2021-06-23T11:09:30,100.0,38.0,S
2021-06-23T11:09:30,1000.0,38.0,S
2021-06-23T11:09:27,1000.0,38.0,S
2021-06-23T11:09:24,500.0,38.0,S
2021-06-23T11:09:24,2900.0,38.0,S
2021-06-23T11:09:21,100.0,38.0,S
2021-06-23T11:09:18,200.0,37.95,S
2021-06-23T11:09:16,1000.0,38.0,S
2021-06-23T11:09:15,1000.0,38.0,S
2021-06-23T11:09:14,1000.0,38.0,S
2021-06-23T11:09:09,1300.0,38.0,S
2021-06-23T11:09:08,4000.0,38.0,S
2021-06-23T11:09:08,3100.0,38.0,S
2021-06-23T11:09:06,100.0,38.0,S
2021-06-23T11:09:06,200.0,38.0,S
2021-06-23T11:09:06,1000.0,37.95,S
2021-06-23T11:09:03,100.0,38.0,S
2021-06-23T11:09:01,100.0,38.0,S
2021-06-23T11:09:01,2100.0,38.0,S
2021-06-23T11:09:01,300.0,38.0,S
2021-06-23T11:09:01,700.0,38.0,S
2021-06-23T11:09:01,100.0,38.0,S
2021-06-23T11:09:01,800.0,38.0,S
2021-06-23T11:09:01,300.0,38.0,S
2021-06-23T11:09:01,100.0,38.0,S
2021-06-23T11:09:01,500.0,38.0,S
2021-06-23T11:09:01,300.0,38.0,S
2021-06-23T11:09:01,2300.0,38.0,S
2021-06-23T11:09:01,4100.0,38.0,S
2021-06-23T11:09:01,1800.0,38.0,S
2021-06-23T11:09:01,1900.0,38.0,S
2021-06-23T11:09:01,3000.0,38.0,S
2021-06-23T11:09:00,2000.0,38.0,S
2021-06-23T11:09:00,7000.0,38.0,S
2021-06-23T11:09:00,1900.0,38.0,S
2021-06-23T11:09:00,300.0,38.0,S
2021-06-23T11:09:00,8200.0,38.0,S
2021-06-23T11:09:00,1300.0,38.0,S
2021-06-23T11:09:00,400.0,38.0,S
2021-06-23T11:09:00,200.0,38.0,S
2021-06-23T11:09:00,1400.0,38.0,S
2021-06-23T11:09:00,8200.0,38.0,S
2021-06-23T11:08:57,100.0,38.05,S
2021-06-23T11:08:57,1900.0,38.05,S
2021-06-23T11:08:57,300.0,38.1,S
2021-06-23T11:08:56,1000.0,38.1,S
2021-06-23T11:08:56,2000.0,38.3,S
2021-06-23T11:08:55,100.0,38.15,S
2021-06-23T11:08:53,1400.0,38.15,S
2021-06-23T11:08:48,600.0,38.1,S
2021-06-23T11:08:47,500.0,38.1,S
2021-06-23T11:08:47,200.0,38.1,S
2021-06-23T11:08:35,800.0,38.0,S
2021-06-23T11:08:35,700.0,38.0,S
2021-06-23T11:08:24,1000.0,38.0,S
2021-06-23T11:08:23,9100.0,38.0,S
2021-06-23T11:08:23,700.0,38.0,S
2021-06-23T11:08:23,3100.0,38.0,S
2021-06-23T11:08:23,1700.0,38.0,S
2021-06-23T11:08:23,2600.0,38.0,S
2021-06-23T11:08:23,900.0,38.0,S
2021-06-23T11:08:23,500.0,38.0,S
2021-06-23T11:08:22,1000.0,38.0,S
2021-06-23T11:08:22,400.0,38.0,S
2021-06-23T11:08:22,2000.0,38.0,S
2021-06-23T11:08:22,100.0,38.0,S
2021-06-23T11:08:22,400.0,38.0,S
2021-06-23T11:08:22,300.0,38.0,S
2021-06-23T11:08:22,1900.0,38.0,S
2021-06-23T11:08:22,700.0,38.0,S
2021-06-23T11:08:22,800.0,38.0,S
2021-06-23T11:08:22,400.0,38.0,S
2021-06-23T11:08:22,2000.0,38.0,S
2021-06-23T11:08:22,1300.0,38.0,S
2021-06-23T11:08:22,200.0,38.0,S
2021-06-23T11:08:22,6200.0,38.0,S
2021-06-23T11:08:22,34100.0,38.0,S
2021-06-23T11:08:22,3100.0,38.0,S
2021-06-23T11:08:22,22800.0,38.0,S
2021-06-23T11:08:21,3600.0,38.05,S
2021-06-23T11:08:21,100.0,38.1,S
2021-06-23T11:08:10,2000.0,38.1,S
2021-06-23T11:07:53,1300.0,38.0,S
2021-06-23T11:07:53,3700.0,38.05,S
2021-06-23T11:07:40,100.0,38.35,B
2021-06-23T11:07:40,2600.0,38.1,S
2021-06-23T11:07:39,100.0,38.1,S
2021-06-23T11:07:38,200.0,38.05,S
2021-06-23T11:07:34,400.0,38.1,S
2021-06-23T11:07:31,1000.0,38.1,S
2021-06-23T11:07:29,2000.0,38.0,S
2021-06-23T11:07:29,500.0,38.1,S
2021-06-23T11:07:23,17600.0,38.0,S
2021-06-23T11:07:23,11000.0,38.0,S
2021-06-23T11:07:23,3800.0,38.0,S
2021-06-23T11:07:23,1300.0,38.0,S
2021-06-23T11:07:23,1000.0,38.0,S
2021-06-23T11:07:23,500.0,38.0,S
2021-06-23T11:07:23,10200.0,38.0,S
2021-06-23T11:07:23,100.0,38.0,S
2021-06-23T11:07:23,3200.0,38.0,S
2021-06-23T11:07:23,2000.0,38.0,S
2021-06-23T11:07:23,12300.0,38.0,S
2021-06-23T11:07:23,400.0,38.0,S
2021-06-23T11:07:23,1200.0,38.0,S
2021-06-23T11:07:23,5100.0,38.0,S
2021-06-23T11:07:21,500.0,38.05,S
2021-06-23T11:07:21,29800.0,38.05,S
2021-06-23T11:07:21,1000.0,38.1,S
2021-06-23T11:07:15,400.0,38.1,S
2021-06-23T11:07:15,500.0,38.35,B
2021-06-23T11:07:11,100.0,38.35,B
2021-06-23T11:07:11,1900.0,38.1,S
2021-06-23T11:07:04,800.0,38.1,S
2021-06-23T11:07:03,2000.0,38.1,S
2021-06-23T11:06:58,15200.0,38.1,S
2021-06-23T11:06:54,800.0,38.1,S
2021-06-23T11:06:31,23400.0,38.1,S
2021-06-23T11:06:31,2500.0,38.1,S
2021-06-23T11:06:31,400.0,38.1,S
2021-06-23T11:06:31,100.0,38.15,S
2021-06-23T11:06:31,700.0,38.15,S
2021-06-23T11:06:31,2800.0,38.15,S
2021-06-23T11:06:31,1700.0,38.2,S
2021-06-23T11:06:31,100.0,38.2,S
2021-06-23T11:06:31,1000.0,38.2,S
2021-06-23T11:06:31,15200.0,38.2,S
2021-06-23T11:06:31,1800.0,38.2,S
2021-06-23T11:06:31,1700.0,38.2,S
2021-06-23T11:06:31,1000.0,38.2,S
2021-06-23T11:06:31,100.0,38.2,S
2021-06-23T11:06:30,1000.0,38.2,S
2021-06-23T11:06:30,1600.0,38.2,S
2021-06-23T11:06:30,9000.0,38.2,S
2021-06-23T11:06:30,7700.0,38.2,S
2021-06-23T11:06:30,100.0,38.2,S
2021-06-23T11:06:30,600.0,38.25,S
2021-06-23T11:06:30,1000.0,38.25,S
2021-06-23T11:06:30,10600.0,38.3,S
2021-06-23T11:06:30,300.0,38.3,S
2021-06-23T11:06:30,1000.0,38.3,S
2021-06-23T11:06:30,200.0,38.3,S
2021-06-23T11:06:30,7400.0,38.3,S
2021-06-23T11:06:30,5800.0,38.3,S
2021-06-23T11:06:30,200.0,38.3,S
2021-06-23T11:06:30,5000.0,38.3,S
2021-06-23T11:06:30,200.0,38.3,S
2021-06-23T11:06:30,5800.0,38.3,S
2021-06-23T11:06:30,2700.0,38.3,S
2021-06-23T11:06:30,2000.0,38.3,S
2021-06-23T11:06:29,5300.0,38.3,S
2021-06-23T11:06:21,600.0,38.35,S
2021-06-23T11:06:19,2800.0,38.35,S
2021-06-23T11:06:17,10600.0,38.4,S
2021-06-23T11:06:13,1400.0,38.4,S
2021-06-23T11:06:10,2000.0,38.4,S
2021-06-23T11:06:08,1300.0,38.4,S
2021-06-23T11:06:08,500.0,38.4,S
2021-06-23T11:06:06,500.0,38.4,S
2021-06-23T11:06:06,3300.0,38.35,S
2021-06-23T11:06:06,100.0,38.35,S
2021-06-23T11:06:06,1600.0,38.35,S
2021-06-23T11:06:05,300.0,38.4,S
2021-06-23T11:06:03,5100.0,38.35,S
2021-06-23T11:06:02,400.0,38.35,S
2021-06-23T11:05:45,100.0,38.4,S
2021-06-23T11:05:38,200.0,38.4,S
2021-06-23T11:05:25,700.0,38.4,S
2021-06-23T11:05:25,4500.0,38.4,S
2021-06-23T11:05:25,3800.0,38.4,S
2021-06-23T11:05:25,10000.0,38.4,S
2021-06-23T11:05:25,200.0,38.4,S
2021-06-23T11:05:25,1300.0,38.4,S
2021-06-23T11:05:25,200.0,38.4,S
2021-06-23T11:05:24,300.0,38.4,S
2021-06-23T11:05:24,1800.0,38.4,S
2021-06-23T11:05:24,700.0,38.4,S
2021-06-23T11:05:24,500.0,38.4,S
2021-06-23T11:05:24,2400.0,38.4,S
2021-06-23T11:05:24,2100.0,38.4,S
2021-06-23T11:05:24,600.0,38.4,S
2021-06-23T11:05:24,2000.0,38.4,S
2021-06-23T11:05:24,300.0,38.4,S
2021-06-23T11:05:24,4400.0,38.4,S
2021-06-23T11:05:24,2500.0,38.4,S
2021-06-23T11:05:24,600.0,38.4,S
2021-06-23T11:05:24,1100.0,38.4,S
2021-06-23T11:05:24,700.0,38.4,S
2021-06-23T11:05:24,10100.0,38.4,S
2021-06-23T11:05:24,1400.0,38.4,S
2021-06-23T11:05:24,2500.0,38.4,S
2021-06-23T11:05:24,3000.0,38.4,S
2021-06-23T11:05:24,2000.0,38.4,S
2021-06-23T11:05:24,100.0,38.4,S
2021-06-23T11:05:24,400.0,38.4,S
2021-06-23T11:05:24,200.0,38.4,S
2021-06-23T11:05:24,300.0,38.4,S
2021-06-23T11:05:23,900.0,38.4,S
2021-06-23T11:05:23,1200.0,38.4,S
2021-06-23T11:05:23,1600.0,38.4,S
2021-06-23T11:05:23,30100.0,38.4,S
2021-06-23T11:05:23,600.0,38.4,S
2021-06-23T11:05:23,2200.0,38.4,S
2021-06-23T11:05:23,700.0,38.4,S
2021-06-23T11:05:23,300.0,38.4,S
2021-06-23T11:05:23,2500.0,38.4,S
2021-06-23T11:05:23,4200.0,38.4,S
2021-06-23T11:05:23,1200.0,38.4,S
2021-06-23T11:05:23,3000.0,38.4,S
2021-06-23T11:05:23,26400.0,38.4,S
2021-06-23T11:05:18,300.0,38.45,S
2021-06-23T11:05:14,2000.0,38.45,S
2021-06-23T11:04:44,500.0,38.45,S
2021-06-23T11:04:26,1700.0,38.45,S
2021-06-23T11:04:26,1600.0,38.45,S
2021-06-23T11:04:08,500.0,38.5,B
2021-06-23T11:03:58,100.0,38.5,B
2021-06-23T11:03:53,1900.0,38.5,S
2021-06-23T11:03:50,100.0,38.55,B
2021-06-23T11:03:47,100.0,38.5,S
2021-06-23T11:03:46,200.0,38.5,S
2021-06-23T11:03:40,2800.0,38.5,B
2021-06-23T11:03:38,900.0,38.5,B
2021-06-23T11:03:31,5100.0,38.45,S
2021-06-23T11:03:29,10000.0,38.5,B
2021-06-23T11:03:26,900.0,38.5,B
2021-06-23T11:03:21,5400.0,38.45,S
2021-06-23T11:03:21,1500.0,38.45,S
2021-06-23T11:03:21,100.0,38.45,S
2021-06-23T11:03:21,100.0,38.45,S
2021-06-23T11:03:21,100.0,38.45,S
2021-06-23T11:03:21,3800.0,38.45,S
2021-06-23T11:03:21,2000.0,38.45,S
2021-06-23T11:03:20,300.0,38.45,S
2021-06-23T11:03:20,3700.0,38.45,S
2021-06-23T11:03:16,900.0,38.45,S
2021-06-23T11:03:16,500.0,38.45,S
2021-06-23T11:03:16,1600.0,38.45,S
2021-06-23T11:03:16,47000.0,38.45,S
2021-06-23T11:03:08,2000.0,38.5,B
2021-06-23T11:02:53,3500.0,38.5,S
2021-06-23T11:02:50,100.0,38.5,S
2021-06-23T11:02:37,100.0,38.5,S
2021-06-23T11:02:19,500.0,38.5,S
2021-06-23T11:02:10,1200.0,38.5,S
2021-06-23T11:02:09,1500.0,38.5,S
2021-06-23T11:01:50,1000.0,38.5,S
2021-06-23T11:01:42,200.0,38.5,S
2021-06-23T11:01:40,2200.0,38.5,S
2021-06-23T11:01:37,10000.0,38.5,S
2021-06-23T11:01:31,21800.0,38.5,B
2021-06-23T11:01:22,2000.0,38.45,S
2021-06-23T11:01:19,1100.0,38.5,B
2021-06-23T11:01:11,2100.0,38.45,S
2021-06-23T11:00:59,6500.0,38.5,B
2021-06-23T11:00:52,100.0,38.5,B
2021-06-23T11:00:50,100.0,38.5,B
2021-06-23T11:00:46,200.0,38.5,B
2021-06-23T11:00:16,1500.0,38.5,B
2021-06-23T10:59:58,600.0,38.45,S
2021-06-23T10:59:57,100.0,38.5,B
2021-06-23T10:59:47,300.0,38.5,B
2021-06-23T10:59:43,500.0,38.45,S
2021-06-23T10:59:17,20000.0,38.45,S
2021-06-23T10:59:14,1000.0,38.5,B
2021-06-23T10:59:11,9700.0,38.45,S
2021-06-23T10:59:04,100.0,38.5,B
2021-06-23T10:58:55,400.0,38.5,B
2021-06-23T10:58:55,100.0,38.5,B
2021-06-23T10:58:43,500.0,38.5,B
2021-06-23T10:58:32,1800.0,38.5,S
2021-06-23T10:58:30,100.0,38.5,S
2021-06-23T10:58:30,400.0,38.55,B
2021-06-23T10:58:28,5000.0,38.5,S
2021-06-23T10:58:14,7700.0,38.5,B
2021-06-23T10:58:10,2000.0,38.5,B
2021-06-23T10:58:08,500.0,38.5,B
2021-06-23T10:58:04,100.0,38.5,B
2021-06-23T10:57:59,1000.0,38.5,B
2021-06-23T10:57:48,500.0,38.5,B
2021-06-23T10:57:47,1500.0,38.45,S
2021-06-23T10:57:36,100.0,38.5,B
2021-06-23T10:57:30,200.0,38.45,S
2021-06-23T10:57:22,200.0,38.45,S
2021-06-23T10:57:17,1000.0,38.5,B
2021-06-23T10:57:15,5000.0,38.45,S
2021-06-23T10:57:15,500.0,38.5,B
2021-06-23T10:57:14,300.0,38.5,B
2021-06-23T10:57:05,400.0,38.5,B
2021-06-23T10:57:03,200.0,38.5,B
2021-06-23T10:57:03,800.0,38.5,B
2021-06-23T10:56:59,1000.0,38.45,S
2021-06-23T10:56:53,3700.0,38.5,S
2021-06-23T10:56:53,1200.0,38.5,S
2021-06-23T10:56:53,1300.0,38.5,S
2021-06-23T10:56:38,2000.0,38.5,S
2021-06-23T10:56:18,1000.0,38.5,B
2021-06-23T10:56:16,500.0,38.5,B
2021-06-23T10:56:16,2900.0,38.5,B
2021-06-23T10:56:16,100.0,38.5,B
2021-06-23T10:56:13,500.0,38.5,B
2021-06-23T10:55:46,100.0,38.5,B
2021-06-23T10:55:44,1000.0,38.5,B
2021-06-23T10:55:41,1700.0,38.5,B
2021-06-23T10:55:39,400.0,38.5,B
2021-06-23T10:55:37,1500.0,38.5,B
2021-06-23T10:55:30,1500.0,38.5,B
2021-06-23T10:55:16,500.0,38.5,B
2021-06-23T10:55:11,6000.0,38.45,S
2021-06-23T10:55:09,16100.0,38.5,B
2021-06-23T10:55:09,2100.0,38.5,B
2021-06-23T10:55:09,14700.0,38.5,B
2021-06-23T10:55:09,2000.0,38.5,B
2021-06-23T10:55:09,100.0,38.5,B
2021-06-23T10:55:09,15000.0,38.5,B
2021-06-23T10:55:03,1000.0,38.45,S
2021-06-23T10:54:48,1000.0,38.5,B
2021-06-23T10:54:47,1000.0,38.45,S
2021-06-23T10:54:47,100.0,38.5,B
2021-06-23T10:54:45,1000.0,38.45,S
2021-06-23T10:54:45,200.0,38.5,B
2021-06-23T10:54:40,3000.0,38.5,B
2021-06-23T10:54:39,2000.0,38.45,S
2021-06-23T10:54:34,100.0,38.5,B
2021-06-23T10:54:30,1000.0,38.5,B
2021-06-23T10:54:25,100.0,38.45,S
2021-06-23T10:54:24,100.0,38.45,S
2021-06-23T10:54:15,200.0,38.5,B
2021-06-23T10:54:13,3700.0,38.45,S
2021-06-23T10:54:03,500.0,38.5,B
2021-06-23T10:54:01,300.0,38.5,B
2021-06-23T10:53:49,2000.0,38.5,B
2021-06-23T10:53:30,100.0,38.5,B
2021-06-23T10:53:28,100.0,38.5,B
2021-06-23T10:53:26,200.0,38.5,B
2021-06-23T10:53:26,200.0,38.45,S
2021-06-23T10:53:19,500.0,38.45,S
2021-06-23T10:53:06,1300.0,38.5,B
2021-06-23T10:53:01,100.0,38.5,B
2021-06-23T10:52:31,200.0,38.5,S
2021-06-23T10:52:29,100.0,38.5,S
2021-06-23T10:52:29,8900.0,38.5,S
2021-06-23T10:52:18,1000.0,38.5,S
2021-06-23T10:52:16,500.0,38.5,S
2021-06-23T10:52:13,1100.0,38.5,S
2021-06-23T10:52:13,100.0,38.5,S
2021-06-23T10:52:12,5200.0,38.5,S
2021-06-23T10:52:12,3500.0,38.5,S
2021-06-23T10:52:12,400.0,38.5,S
2021-06-23T10:52:12,2100.0,38.5,S
2021-06-23T10:52:12,300.0,38.5,S
2021-06-23T10:52:12,1500.0,38.5,S
2021-06-23T10:52:12,300.0,38.5,S
2021-06-23T10:52:12,3800.0,38.5,S
2021-06-23T10:52:12,500.0,38.5,S
2021-06-23T10:52:12,2000.0,38.5,S
2021-06-23T10:52:12,500.0,38.5,S
2021-06-23T10:52:12,1100.0,38.5,S
2021-06-23T10:52:12,2000.0,38.5,S
2021-06-23T10:52:12,300.0,38.5,S
2021-06-23T10:52:12,100.0,38.5,S
2021-06-23T10:52:12,100.0,38.5,S
2021-06-23T10:52:12,1000.0,38.5,S
2021-06-23T10:52:12,6000.0,38.5,S
2021-06-23T10:52:12,3500.0,38.5,S
2021-06-23T10:52:12,2000.0,38.5,S
2021-06-23T10:52:12,400.0,38.5,S
2021-06-23T10:52:12,2900.0,38.5,S
2021-06-23T10:52:12,600.0,38.5,S
2021-06-23T10:52:12,2200.0,38.5,S
2021-06-23T10:52:12,21300.0,38.5,S
2021-06-23T10:52:11,1100.0,38.5,S
2021-06-23T10:52:11,3200.0,38.5,S
2021-06-23T10:52:11,1500.0,38.5,S
2021-06-23T10:52:11,7100.0,38.5,S
2021-06-23T10:52:11,3000.0,38.5,S
2021-06-23T10:52:11,100.0,38.5,S
2021-06-23T10:52:11,1200.0,38.5,S
2021-06-23T10:52:11,200.0,38.5,S
2021-06-23T10:52:11,1200.0,38.5,S
2021-06-23T10:52:11,800.0,38.5,S
2021-06-23T10:52:11,2000.0,38.5,S
2021-06-23T10:52:11,700.0,38.5,S
2021-06-23T10:52:10,2200.0,38.5,S
2021-06-23T10:52:10,700.0,38.5,S
2021-06-23T10:52:08,1900.0,38.5,S
2021-06-23T10:52:08,1500.0,38.5,S
2021-06-23T10:52:08,1000.0,38.5,S
2021-06-23T10:52:08,5400.0,38.5,S
2021-06-23T10:51:59,100.0,38.5,S
2021-06-23T10:51:55,4900.0,38.5,S
2021-06-23T10:51:55,1100.0,38.5,S
2021-06-23T10:51:46,1600.0,38.5,S
2021-06-23T10:51:46,1500.0,38.5,S
2021-06-23T10:51:46,6900.0,38.5,S
2021-06-23T10:51:44,3000.0,38.55,S
2021-06-23T10:51:38,200.0,38.55,S
2021-06-23T10:51:38,900.0,38.55,S
2021-06-23T10:51:33,10000.0,38.55,S
2021-06-23T10:51:20,1000.0,38.55,S
2021-06-23T10:51:11,500.0,38.55,S
2021-06-23T10:51:00,100.0,38.6,B
2021-06-23T10:50:50,25000.0,38.55,S
2021-06-23T10:50:46,500.0,38.55,S
2021-06-23T10:50:43,100.0,38.55,S
2021-06-23T10:50:32,3200.0,38.55,S
2021-06-23T10:50:32,1700.0,38.55,S
2021-06-23T10:50:32,1100.0,38.55,S
2021-06-23T10:50:30,100.0,38.55,S
2021-06-23T10:50:10,1000.0,38.55,S
2021-06-23T10:49:53,1000.0,38.6,B
2021-06-23T10:49:52,2000.0,38.55,S
2021-06-23T10:49:42,500.0,38.55,S
2021-06-23T10:49:34,2100.0,38.55,S
2021-06-23T10:49:25,1000.0,38.55,S
2021-06-23T10:49:24,5300.0,38.55,S
2021-06-23T10:49:24,400.0,38.55,S
2021-06-23T10:49:24,900.0,38.55,S
2021-06-23T10:49:24,12400.0,38.55,S
2021-06-23T10:49:05,10000.0,38.55,S
2021-06-23T10:48:59,300.0,38.6,B
2021-06-23T10:48:38,500.0,38.6,S
2021-06-23T10:48:38,600.0,38.6,S
2021-06-23T10:48:38,1200.0,38.6,S
2021-06-23T10:48:37,1000.0,38.6,S
2021-06-23T10:48:37,1000.0,38.6,S
2021-06-23T10:48:37,1100.0,38.6,S
2021-06-23T10:48:37,1100.0,38.6,S
2021-06-23T10:48:37,22300.0,38.6,S
2021-06-23T10:48:20,3600.0,38.6,S
2021-06-23T10:47:47,500.0,38.7,B
2021-06-23T10:47:32,300.0,38.65,B
2021-06-23T10:47:30,1000.0,38.65,B
2021-06-23T10:47:28,3300.0,38.65,B
2021-06-23T10:46:45,3200.0,38.65,S
2021-06-23T10:46:34,100.0,38.65,S
2021-06-23T10:46:25,300.0,38.7,B
2021-06-23T10:46:13,2000.0,38.65,S
2021-06-23T10:46:01,6000.0,38.65,S
2021-06-23T10:46:01,5000.0,38.65,S
2021-06-23T10:45:31,3000.0,38.65,S
2021-06-23T10:45:13,500.0,38.7,B
2021-06-23T10:44:59,1300.0,38.65,S
2021-06-23T10:44:45,100.0,38.7,B
2021-06-23T10:44:38,100.0,38.65,S
2021-06-23T10:44:23,200.0,38.7,B
2021-06-23T10:44:15,700.0,38.65,S
2021-06-23T10:44:06,100.0,38.65,S
2021-06-23T10:44:03,1200.0,38.7,B
2021-06-23T10:44:01,2000.0,38.65,S
2021-06-23T10:43:52,200.0,38.65,S
2021-06-23T10:43:48,400.0,38.65,S
2021-06-23T10:43:46,1500.0,38.7,B
2021-06-23T10:43:46,600.0,38.7,B
2021-06-23T10:43:46,1900.0,38.7,B
2021-06-23T10:43:38,200.0,38.7,B
2021-06-23T10:43:35,7000.0,38.65,S
2021-06-23T10:43:00,1000.0,38.7,B
2021-06-23T10:42:58,1000.0,38.65,S
2021-06-23T10:42:53,100.0,38.65,S
2021-06-23T10:42:39,5000.0,38.65,S
2021-06-23T10:42:37,6100.0,38.65,S
2021-06-23T10:42:06,600.0,38.7,B
2021-06-23T10:42:05,200.0,38.65,S
2021-06-23T10:42:05,1800.0,38.65,S
2021-06-23T10:41:57,300.0,38.7,B
2021-06-23T10:41:48,1500.0,38.65,S
2021-06-23T10:41:45,200.0,38.65,S
2021-06-23T10:41:44,1200.0,38.7,B
2021-06-23T10:41:34,2000.0,38.65,S
2021-06-23T10:41:28,600.0,38.65,S
2021-06-23T10:40:59,600.0,38.65,S
2021-06-23T10:40:54,1000.0,38.65,S
2021-06-23T10:40:44,100.0,38.65,S
2021-06-23T10:39:53,600.0,38.65,B
2021-06-23T10:39:39,300.0,38.6,S
2021-06-23T10:39:25,300.0,38.6,S
2021-06-23T10:39:14,700.0,38.6,S
2021-06-23T10:39:10,100.0,38.6,S
2021-06-23T10:39:03,700.0,38.6,S
2021-06-23T10:39:00,18000.0,38.6,B
2021-06-23T10:38:59,1000.0,38.6,B
2021-06-23T10:38:59,100.0,38.6,B
2021-06-23T10:38:58,1000.0,38.6,B
2021-06-23T10:38:53,6800.0,38.6,B
2021-06-23T10:38:48,100.0,38.6,B
2021-06-23T10:38:46,1000.0,38.6,B
2021-06-23T10:38:43,30000.0,38.6,B
2021-06-23T10:38:41,200.0,38.6,B
2021-06-23T10:38:39,3500.0,38.6,B
2021-06-23T10:38:34,1000.0,38.6,B
2021-06-23T10:38:32,100.0,38.6,B
2021-06-23T10:38:02,700.0,38.6,B
2021-06-23T10:38:00,300.0,38.55,S
2021-06-23T10:37:33,1000.0,38.55,S
2021-06-23T10:37:30,2000.0,38.55,S
2021-06-23T10:37:28,700.0,38.55,S
2021-06-23T10:37:25,2000.0,38.6,B
2021-06-23T10:37:19,2500.0,38.55,S
2021-06-23T10:36:55,400.0,38.55,S
2021-06-23T10:36:54,1500.0,38.6,B
2021-06-23T10:36:49,6700.0,38.6,B
2021-06-23T10:36:46,10000.0,38.6,S
2021-06-23T10:36:43,300.0,38.6,B
2021-06-23T10:36:41,3000.0,38.6,B
2021-06-23T10:36:41,1000.0,38.6,B
2021-06-23T10:36:41,1000.0,38.6,B
2021-06-23T10:36:29,5000.0,38.6,S
2021-06-23T10:36:26,10000.0,38.6,S
2021-06-23T10:36:18,2100.0,38.55,S
2021-06-23T10:36:15,1700.0,38.6,B
2021-06-23T10:36:10,700.0,38.6,B
2021-06-23T10:35:57,100.0,38.6,B
2021-06-23T10:35:47,2700.0,38.6,B
2021-06-23T10:35:47,1000.0,38.6,B
2021-06-23T10:35:47,500.0,38.6,B
2021-06-23T10:35:44,1400.0,38.55,S
2021-06-23T10:35:44,3600.0,38.55,S
2021-06-23T10:35:28,30000.0,38.6,B
2021-06-23T10:35:28,300.0,38.6,B
2021-06-23T10:35:12,100.0,38.6,B
2021-06-23T10:34:25,500.0,38.55,S
2021-06-23T10:34:11,700.0,38.55,S
2021-06-23T10:34:03,300.0,38.55,S
2021-06-23T10:34:00,100.0,38.55,S
2021-06-23T10:33:54,300.0,38.55,S
2021-06-23T10:33:48,500.0,38.55,S
2021-06-23T10:33:47,200.0,38.55,S
2021-06-23T10:33:40,200.0,38.55,S
2021-06-23T10:33:34,100.0,38.55,S
2021-06-23T10:33:16,100.0,38.55,B
2021-06-23T10:33:15,800.0,38.55,B
2021-06-23T10:33:13,100.0,38.55,B
2021-06-23T10:33:12,600.0,38.55,B
2021-06-23T10:33:10,2500.0,38.55,B
2021-06-23T10:33:05,500.0,38.55,B
2021-06-23T10:33:05,1000.0,38.55,B
2021-06-23T10:33:05,5900.0,38.5,S
2021-06-23T10:33:05,500.0,38.5,S
2021-06-23T10:33:05,8600.0,38.5,S
2021-06-23T10:33:05,1000.0,38.5,S
2021-06-23T10:33:05,9500.0,38.5,S
2021-06-23T10:33:03,2000.0,38.55,B
2021-06-23T10:33:00,100.0,38.55,B
2021-06-23T10:32:57,500.0,38.55,B
2021-06-23T10:32:56,700.0,38.5,S
2021-06-23T10:32:37,1000.0,38.55,B
2021-06-23T10:32:35,3000.0,38.55,B
2021-06-23T10:32:23,100.0,38.55,B
2021-06-23T10:32:18,500.0,38.55,S
2021-06-23T10:32:14,2000.0,38.55,S
2021-06-23T10:32:13,3000.0,38.55,S
2021-06-23T10:32:13,3200.0,38.55,S
2021-06-23T10:32:13,200.0,38.55,S
2021-06-23T10:32:13,3300.0,38.55,S
2021-06-23T10:32:13,600.0,38.55,S
2021-06-23T10:32:13,300.0,38.55,S
2021-06-23T10:32:13,6500.0,38.55,S
2021-06-23T10:32:12,100.0,38.55,S
2021-06-23T10:32:12,500.0,38.55,S
2021-06-23T10:32:12,5000.0,38.55,S
2021-06-23T10:32:12,7100.0,38.55,S
2021-06-23T10:31:52,500.0,38.55,S
2021-06-23T10:31:50,2000.0,38.6,B
2021-06-23T10:31:49,600.0,38.55,S
2021-06-23T10:31:47,100.0,38.6,B
2021-06-23T10:31:45,500.0,38.55,S
2021-06-23T10:31:40,2900.0,38.55,S
2021-06-23T10:31:19,100.0,38.6,B
2021-06-23T10:31:17,100.0,38.6,B
2021-06-23T10:31:12,800.0,38.55,S
2021-06-23T10:31:06,2900.0,38.55,S
2021-06-23T10:31:00,30000.0,38.55,S
2021-06-23T10:30:57,1000.0,38.55,S
2021-06-23T10:30:50,300.0,38.55,S
2021-06-23T10:30:39,500.0,38.55,S
2021-06-23T10:30:34,400.0,38.55,S
2021-06-23T10:30:34,1000.0,38.55,S
2021-06-23T10:30:20,100.0,38.55,S
2021-06-23T10:29:54,3000.0,38.55,S
2021-06-23T10:29:54,100.0,38.6,B
2021-06-23T10:29:38,400.0,38.6,B
2021-06-23T10:29:23,300.0,38.6,S
2021-06-23T10:29:23,2300.0,38.6,S
2021-06-23T10:29:23,900.0,38.6,S
2021-06-23T10:29:23,6200.0,38.6,S
2021-06-23T10:29:23,3500.0,38.6,S
2021-06-23T10:29:22,1000.0,38.6,S
2021-06-23T10:29:22,100.0,38.6,S
2021-06-23T10:29:22,700.0,38.6,S
2021-06-23T10:29:22,700.0,38.6,S
2021-06-23T10:29:22,600.0,38.6,S
2021-06-23T10:29:22,4500.0,38.6,S
2021-06-23T10:29:22,400.0,38.6,S
2021-06-23T10:29:13,100.0,38.6,S
2021-06-23T10:29:08,500.0,38.6,S
2021-06-23T10:28:49,100.0,38.65,B
2021-06-23T10:28:39,400.0,38.65,B
2021-06-23T10:28:16,1000.0,38.65,B
2021-06-23T10:28:04,3800.0,38.65,S
2021-06-23T10:28:04,1000.0,38.65,S
2021-06-23T10:28:04,12600.0,38.65,S
2021-06-23T10:28:02,1300.0,38.65,S
2021-06-23T10:28:00,11100.0,38.65,S
2021-06-23T10:27:49,5000.0,38.65,S
2021-06-23T10:27:38,1000.0,38.65,S
2021-06-23T10:27:37,100.0,38.7,B
2021-06-23T10:26:53,400.0,38.7,B
2021-06-23T10:26:29,500.0,38.7,B
2021-06-23T10:26:25,100.0,38.7,B
2021-06-23T10:26:22,1000.0,38.7,B
2021-06-23T10:25:58,2000.0,38.7,B
2021-06-23T10:25:48,1500.0,38.7,B
2021-06-23T10:25:27,100.0,38.7,B
2021-06-23T10:25:26,500.0,38.65,S
2021-06-23T10:25:15,1000.0,38.7,S
2021-06-23T10:25:10,100.0,38.7,S
2021-06-23T10:25:02,500.0,38.7,B
2021-06-23T10:24:56,200.0,38.7,B
2021-06-23T10:24:45,500.0,38.7,B
2021-06-23T10:24:28,2000.0,38.7,B
2021-06-23T10:24:23,2800.0,38.7,B
2021-06-23T10:24:23,7200.0,38.7,B
2021-06-23T10:24:02,100.0,38.7,B
2021-06-23T10:24:00,500.0,38.65,S
2021-06-23T10:23:58,1000.0,38.7,B
2021-06-23T10:23:33,400.0,38.7,B
2021-06-23T10:23:33,1600.0,38.7,B
2021-06-23T10:23:14,200.0,38.65,S
2021-06-23T10:22:42,500.0,38.7,S
2021-06-23T10:22:37,100.0,38.7,S
2021-06-23T10:22:37,29900.0,38.7,S
2021-06-23T10:22:32,500.0,38.7,S
2021-06-23T10:22:30,500.0,38.75,B
2021-06-23T10:22:15,600.0,38.7,S
2021-06-23T10:22:13,2000.0,38.75,B
2021-06-23T10:21:58,800.0,38.75,S
2021-06-23T10:21:58,900.0,38.75,S
2021-06-23T10:21:58,1100.0,38.75,S
2021-06-23T10:21:56,100.0,38.75,S
2021-06-23T10:21:54,500.0,38.75,S
2021-06-23T10:21:54,2000.0,38.75,S
2021-06-23T10:21:43,1000.0,38.75,S
2021-06-23T10:21:21,500.0,38.75,S
2021-06-23T10:21:19,2700.0,38.75,S
2021-06-23T10:21:18,1700.0,38.8,B
2021-06-23T10:21:05,1000.0,38.75,S
2021-06-23T10:21:05,200.0,38.75,S
2021-06-23T10:20:53,600.0,38.75,S
2021-06-23T10:20:50,400.0,38.75,S
2021-06-23T10:20:36,1000.0,38.75,S
2021-06-23T10:20:19,100.0,38.8,B
2021-06-23T10:20:18,9300.0,38.8,B
2021-06-23T10:20:16,200.0,38.8,B
2021-06-23T10:20:04,100.0,38.8,B
2021-06-23T10:20:00,300.0,38.8,B
2021-06-23T10:19:29,1000.0,38.8,S
2021-06-23T10:19:20,600.0,38.8,S
2021-06-23T10:19:20,12700.0,38.8,S
2021-06-23T10:19:15,100.0,38.8,B
2021-06-23T10:19:13,3200.0,38.8,B
2021-06-23T10:19:12,500.0,38.8,B
2021-06-23T10:19:04,2000.0,38.8,B
2021-06-23T10:18:45,1400.0,38.8,B
2021-06-23T10:18:44,2000.0,38.8,B
2021-06-23T10:18:34,100.0,38.8,S
2021-06-23T10:18:29,200.0,38.8,S
2021-06-23T10:18:28,400.0,38.8,S
2021-06-23T10:18:25,2000.0,38.8,S
2021-06-23T10:18:25,900.0,38.8,S
2021-06-23T10:18:23,600.0,38.8,S
2021-06-23T10:18:21,100.0,38.8,S
2021-06-23T10:18:21,100.0,38.85,B
2021-06-23T10:18:00,300.0,38.8,S
2021-06-23T10:17:58,17500.0,38.8,S
2021-06-23T10:17:58,3500.0,38.8,S
2021-06-23T10:17:58,3900.0,38.8,S
2021-06-23T10:17:58,3200.0,38.8,S
2021-06-23T10:17:57,1600.0,38.8,S
2021-06-23T10:17:57,1100.0,38.8,S
2021-06-23T10:17:57,500.0,38.8,S
2021-06-23T10:17:57,200.0,38.8,S
2021-06-23T10:17:57,2500.0,38.8,S
2021-06-23T10:17:57,200.0,38.8,S
2021-06-23T10:17:57,5800.0,38.8,S
2021-06-23T10:17:55,2000.0,38.8,S
2021-06-23T10:17:36,100.0,38.8,S
2021-06-23T10:17:35,1000.0,38.8,S
2021-06-23T10:17:23,3400.0,38.8,S
2021-06-23T10:17:22,3000.0,38.85,B
2021-06-23T10:17:17,300.0,38.85,B
2021-06-23T10:16:48,1000.0,38.85,B
2021-06-23T10:16:37,100.0,38.85,B
2021-06-23T10:16:33,100.0,38.8,S
2021-06-23T10:16:28,800.0,38.8,S
2021-06-23T10:16:26,100.0,38.8,S
2021-06-23T10:16:24,1000.0,38.8,S
2021-06-23T10:15:55,1600.0,38.8,S
2021-06-23T10:15:54,300.0,38.85,B
2021-06-23T10:15:47,100.0,38.85,B
2021-06-23T10:15:43,2600.0,38.8,S
2021-06-23T10:15:38,200.0,38.8,S
2021-06-23T10:15:26,1000.0,38.8,S
2021-06-23T10:15:26,1500.0,38.85,B
2021-06-23T10:15:09,6000.0,38.8,S
2021-06-23T10:14:56,2000.0,38.8,S
2021-06-23T10:14:55,100.0,38.85,B
2021-06-23T10:14:50,1500.0,38.8,S
2021-06-23T10:14:47,2000.0,38.8,S
2021-06-23T10:14:20,500.0,38.8,S
2021-06-23T10:14:17,1200.0,38.8,S
2021-06-23T10:14:08,400.0,38.8,S
2021-06-23T10:14:03,1500.0,38.8,S
2021-06-23T10:13:57,3000.0,38.8,S
2021-06-23T10:13:50,1000.0,38.8,S
2021-06-23T10:13:43,500.0,38.8,S
2021-06-23T10:13:35,100.0,38.8,S
2021-06-23T10:13:18,200.0,38.8,S
2021-06-23T10:13:14,300.0,38.85,B
2021-06-23T10:13:06,100.0,38.85,B
2021-06-23T10:13:03,1800.0,38.85,B
2021-06-23T10:12:47,100.0,38.85,B
2021-06-23T10:12:47,2000.0,38.8,S
2021-06-23T10:12:47,4100.0,38.85,B
2021-06-23T10:12:45,5000.0,38.85,B
2021-06-23T10:12:22,100.0,38.85,S
2021-06-23T10:12:15,700.0,38.85,S
2021-06-23T10:12:14,200.0,38.85,S
2021-06-23T10:12:12,2000.0,38.85,S
2021-06-23T10:12:12,6000.0,38.85,S
2021-06-23T10:12:12,700.0,38.85,S
2021-06-23T10:12:12,500.0,38.85,S
2021-06-23T10:12:11,8000.0,38.85,S
2021-06-23T10:12:06,1500.0,38.85,S
2021-06-23T10:11:59,100.0,38.85,S
2021-06-23T10:11:58,100.0,38.85,S
2021-06-23T10:11:47,200.0,38.85,S
2021-06-23T10:11:42,1000.0,38.85,S
2021-06-23T10:11:36,400.0,38.85,S
2021-06-23T10:11:36,500.0,38.85,S
2021-06-23T10:11:28,500.0,38.85,S
2021-06-23T10:11:27,2000.0,38.85,S
2021-06-23T10:10:57,6500.0,38.85,B
2021-06-23T10:10:54,1300.0,38.8,S
2021-06-23T10:10:54,11500.0,38.85,S
2021-06-23T10:10:42,4000.0,38.85,S
2021-06-23T10:10:36,200.0,38.85,S
2021-06-23T10:10:29,5500.0,38.85,S
2021-06-23T10:10:28,500.0,38.85,S
2021-06-23T10:10:13,400.0,38.85,B
2021-06-23T10:10:13,1000.0,38.8,S
2021-06-23T10:10:02,15000.0,38.8,S
2021-06-23T10:09:54,800.0,38.8,S
2021-06-23T10:09:47,100.0,38.85,S
2021-06-23T10:09:34,8300.0,38.8,S
2021-06-23T10:09:33,700.0,38.85,S
2021-06-23T10:09:32,1300.0,38.85,S
2021-06-23T10:09:31,200.0,38.85,S
2021-06-23T10:09:26,500.0,38.85,S
2021-06-23T10:09:06,1100.0,38.85,B
2021-06-23T10:08:59,500.0,38.85,B
2021-06-23T10:08:59,500.0,38.85,B
2021-06-23T10:08:44,8900.0,38.85,S
2021-06-23T10:08:39,800.0,38.85,S
2021-06-23T10:08:29,200.0,38.85,S
2021-06-23T10:08:26,2000.0,38.85,S
2021-06-23T10:08:07,600.0,38.85,B
2021-06-23T10:08:06,400.0,38.85,B
2021-06-23T10:07:44,3000.0,38.85,B
2021-06-23T10:07:29,100.0,38.8,S
2021-06-23T10:07:21,1000.0,38.85,B
2021-06-23T10:07:18,200.0,38.85,S
2021-06-23T10:07:11,2000.0,38.85,S
2021-06-23T10:07:00,2000.0,38.85,S
2021-06-23T10:06:54,300.0,38.8,S
2021-06-23T10:06:54,3800.0,38.9,B
2021-06-23T10:06:54,200.0,38.85,B
2021-06-23T10:06:54,500.0,38.85,B
2021-06-23T10:06:54,200.0,38.85,B
2021-06-23T10:06:54,1300.0,38.85,B
2021-06-23T10:06:54,100.0,38.8,S
2021-06-23T10:06:51,200.0,38.8,S
2021-06-23T10:06:39,1000.0,38.8,B
2021-06-23T10:06:35,30000.0,38.8,B
2021-06-23T10:06:33,400.0,38.8,B
2021-06-23T10:06:31,100.0,38.75,S
2021-06-23T10:06:29,3000.0,38.8,S
2021-06-23T10:06:18,100.0,38.8,S
2021-06-23T10:06:09,2000.0,38.8,B
2021-06-23T10:05:58,200.0,38.8,B
2021-06-23T10:05:56,500.0,38.8,S
2021-06-23T10:05:54,2300.0,38.8,S
2021-06-23T10:05:50,2000.0,38.85,B
2021-06-23T10:05:43,800.0,38.8,S
2021-06-23T10:05:38,2300.0,38.8,S
2021-06-23T10:05:38,1000.0,38.8,S
2021-06-23T10:05:32,2000.0,38.8,B
2021-06-23T10:05:32,2600.0,38.8,B
2021-06-23T10:05:32,3700.0,38.8,B
2021-06-23T10:05:31,300.0,38.75,S
2021-06-23T10:05:19,1000.0,38.8,B
2021-06-23T10:05:17,2000.0,38.8,B
2021-06-23T10:05:14,100.0,38.75,B
2021-06-23T10:04:53,800.0,38.75,B
2021-06-23T10:04:51,2000.0,38.75,B
2021-06-23T10:04:48,500.0,38.75,B
2021-06-23T10:04:45,1000.0,38.75,B
2021-06-23T10:04:39,2900.0,38.7,S
2021-06-23T10:04:33,300.0,38.7,S
2021-06-23T10:04:28,500.0,38.7,S
2021-06-23T10:04:24,2900.0,38.75,B
2021-06-23T10:04:21,100.0,38.75,B
2021-06-23T10:04:03,5900.0,38.7,B
2021-06-23T10:04:01,300.0,38.7,B
2021-06-23T10:03:59,500.0,38.7,B
2021-06-23T10:03:55,1000.0,38.7,B
2021-06-23T10:03:55,3000.0,38.7,B
2021-06-23T10:03:49,3000.0,38.7,B
2021-06-23T10:03:47,800.0,38.7,B
2021-06-23T10:03:45,100.0,38.7,B
2021-06-23T10:03:43,100.0,38.7,B
2021-06-23T10:03:40,100.0,38.7,B
2021-06-23T10:03:38,1000.0,38.7,B
2021-06-23T10:03:30,100.0,38.7,B
2021-06-23T10:03:29,21000.0,38.7,B
2021-06-23T10:03:27,100.0,38.7,B
2021-06-23T10:03:19,1000.0,38.7,B
2021-06-23T10:03:19,100.0,38.7,B
2021-06-23T10:03:11,100.0,38.65,S
2021-06-23T10:03:04,300.0,38.7,B
2021-06-23T10:02:55,2100.0,38.7,B
2021-06-23T10:02:53,100.0,38.65,S
2021-06-23T10:02:51,10000.0,38.65,S
2021-06-23T10:02:47,200.0,38.65,B
2021-06-23T10:02:40,15200.0,38.65,B
2021-06-23T10:02:29,400.0,38.6,S
2021-06-23T10:02:29,5000.0,38.6,S
2021-06-23T10:02:21,13500.0,38.65,B
2021-06-23T10:02:19,1000.0,38.6,S
2021-06-23T10:02:04,2000.0,38.6,S
2021-06-23T10:02:00,500.0,38.65,B
2021-06-23T10:01:52,300.0,38.6,S
2021-06-23T10:01:33,7000.0,38.6,B
2021-06-23T10:01:33,1300.0,38.6,B
2021-06-23T10:01:30,400.0,38.6,B
2021-06-23T10:01:18,500.0,38.6,B
2021-06-23T10:01:17,1300.0,38.6,B
2021-06-23T10:01:13,400.0,38.6,B
2021-06-23T10:01:12,500.0,38.6,B
2021-06-23T10:01:12,200.0,38.6,B
2021-06-23T10:01:12,200.0,38.6,B
2021-06-23T10:01:12,20000.0,38.6,B
2021-06-23T10:01:12,6400.0,38.6,B
2021-06-23T10:01:12,5000.0,38.6,B
2021-06-23T10:01:12,4700.0,38.6,B
2021-06-23T10:01:12,500.0,38.6,B
2021-06-23T10:01:12,1100.0,38.6,B
2021-06-23T10:01:07,1000.0,38.6,B
2021-06-23T10:00:59,3000.0,38.6,B
2021-06-23T10:00:57,5900.0,38.55,S
2021-06-23T10:00:57,600.0,38.55,S
2021-06-23T10:00:54,5000.0,38.6,B
2021-06-23T10:00:37,300.0,38.55,S
2021-06-23T10:00:28,100.0,38.6,B
2021-06-23T10:00:23,800.0,38.6,B
2021-06-23T10:00:15,5000.0,38.6,B
2021-06-23T10:00:08,1000.0,38.55,S
2021-06-23T10:00:03,600.0,38.55,S
2021-06-23T09:59:49,1000.0,38.6,B
2021-06-23T09:59:48,100.0,38.55,S
2021-06-23T09:59:48,1000.0,38.55,S
2021-06-23T09:59:48,8900.0,38.55,S
2021-06-23T09:59:25,2000.0,38.6,B
2021-06-23T09:59:21,2500.0,38.6,B
2021-06-23T09:58:59,5000.0,38.6,B
2021-06-23T09:58:49,100.0,38.55,S
2021-06-23T09:58:38,100.0,38.55,S
2021-06-23T09:58:17,1500.0,38.5,S
2021-06-23T09:58:09,700.0,38.55,S
2021-06-23T09:58:03,3300.0,38.55,B
2021-06-23T09:58:02,4400.0,38.55,B
2021-06-23T09:57:53,1400.0,38.55,B
2021-06-23T09:57:50,300.0,38.55,B
2021-06-23T09:57:39,200.0,38.55,B
2021-06-23T09:57:39,600.0,38.55,B
2021-06-23T09:57:33,900.0,38.55,B
2021-06-23T09:57:31,4000.0,38.5,S
2021-06-23T09:57:30,200.0,38.55,B
2021-06-23T09:57:26,1000.0,38.55,B
2021-06-23T09:57:24,100.0,38.55,B
2021-06-23T09:57:23,2200.0,38.55,B
2021-06-23T09:57:16,5000.0,38.5,S
2021-06-23T09:57:14,4800.0,38.55,B
2021-06-23T09:57:11,200.0,38.55,B
2021-06-23T09:57:08,100.0,38.55,B
2021-06-23T09:56:41,2000.0,38.55,B
2021-06-23T09:56:41,2000.0,38.55,B
2021-06-23T09:56:38,500.0,38.55,B
2021-06-23T09:56:32,400.0,38.55,B
2021-06-23T09:56:16,700.0,38.55,B
2021-06-23T09:56:12,1600.0,38.5,S
2021-06-23T09:56:10,200.0,38.55,B
2021-06-23T09:56:07,900.0,38.55,B
2021-06-23T09:55:47,300.0,38.55,B
2021-06-23T09:55:42,200.0,38.55,B
2021-06-23T09:55:34,2500.0,38.55,B
2021-06-23T09:55:33,2000.0,38.55,B
2021-06-23T09:55:28,200.0,38.55,B
2021-06-23T09:55:22,500.0,38.55,S
2021-06-23T09:55:18,2300.0,38.55,S
2021-06-23T09:55:17,100.0,38.55,S
2021-06-23T09:55:14,2400.0,38.55,B
2021-06-23T09:55:14,200.0,38.55,B
2021-06-23T09:55:06,500.0,38.5,S
2021-06-23T09:55:01,2000.0,38.5,S
2021-06-23T09:54:59,2600.0,38.55,B
2021-06-23T09:54:47,200.0,38.55,B
2021-06-23T09:54:44,100.0,38.55,B
2021-06-23T09:54:39,100.0,38.5,S
2021-06-23T09:54:22,400.0,38.5,S
2021-06-23T09:54:10,1000.0,38.5,S
2021-06-23T09:54:06,300.0,38.55,B
2021-06-23T09:54:03,100.0,38.55,B
2021-06-23T09:54:00,200.0,38.55,B
2021-06-23T09:53:59,500.0,38.5,S
2021-06-23T09:53:55,10000.0,38.55,B
2021-06-23T09:53:47,1000.0,38.55,B
2021-06-23T09:53:31,2600.0,38.55,S
2021-06-23T09:53:28,1200.0,38.55,S
2021-06-23T09:53:26,2200.0,38.55,S
2021-06-23T09:53:20,300.0,38.55,S
2021-06-23T09:53:13,1400.0,38.55,S
2021-06-23T09:53:13,600.0,38.55,S
2021-06-23T09:53:12,200.0,38.55,S
2021-06-23T09:53:12,500.0,38.55,S
2021-06-23T09:52:56,600.0,38.55,S
2021-06-23T09:52:55,1000.0,38.55,S
2021-06-23T09:52:48,400.0,38.55,S
2021-06-23T09:52:45,2500.0,38.55,S
2021-06-23T09:52:39,300.0,38.55,S
2021-06-23T09:52:23,1000.0,38.55,S
2021-06-23T09:52:23,1000.0,38.55,S
2021-06-23T09:52:13,500.0,38.55,S
2021-06-23T09:51:46,500.0,38.55,B
2021-06-23T09:51:40,1500.0,38.55,B
2021-06-23T09:51:36,500.0,38.55,B
2021-06-23T09:51:31,100.0,38.6,B
2021-06-23T09:51:31,600.0,38.6,B
2021-06-23T09:51:31,100.0,38.6,B
2021-06-23T09:51:31,7100.0,38.6,B
2021-06-23T09:51:23,2000.0,38.5,S
2021-06-23T09:51:22,200.0,38.55,S
2021-06-23T09:51:15,100.0,38.55,S
2021-06-23T09:50:48,3800.0,38.5,S
2021-06-23T09:50:47,500.0,38.55,S
2021-06-23T09:50:41,9000.0,38.6,B
2021-06-23T09:50:14,2000.0,38.6,B
2021-06-23T09:49:44,2400.0,38.55,S
2021-06-23T09:49:42,5500.0,38.6,B
2021-06-23T09:49:42,9500.0,38.6,B
2021-06-23T09:49:30,300.0,38.55,S
2021-06-23T09:49:26,10000.0,38.55,S
2021-06-23T09:49:21,500.0,38.55,S
2021-06-23T09:49:10,300.0,38.6,B
2021-06-23T09:49:05,1000.0,38.55,S
2021-06-23T09:48:58,500.0,38.6,B
2021-06-23T09:48:53,300.0,38.6,B
2021-06-23T09:48:50,200.0,38.55,S
2021-06-23T09:48:45,200.0,38.6,B
2021-06-23T09:48:33,5000.0,38.55,S
2021-06-23T09:48:15,1000.0,38.55,B
2021-06-23T09:48:15,33000.0,38.55,B
2021-06-23T09:48:14,400.0,38.5,S
2021-06-23T09:47:59,300.0,38.5,B
2021-06-23T09:47:47,1000.0,38.5,B
2021-06-23T09:47:33,900.0,38.5,B
2021-06-23T09:47:24,500.0,38.5,B
2021-06-23T09:47:21,600.0,38.5,B
2021-06-23T09:47:09,100.0,38.5,B
2021-06-23T09:47:06,1000.0,38.5,B
2021-06-23T09:47:05,300.0,38.5,B
2021-06-23T09:47:02,3800.0,38.45,S
2021-06-23T09:47:02,600.0,38.45,S
2021-06-23T09:47:02,4100.0,38.45,S
2021-06-23T09:47:02,1000.0,38.45,S
2021-06-23T09:47:01,500.0,38.45,S
2021-06-23T09:47:00,100.0,38.5,B
2021-06-23T09:46:39,200.0,38.5,S
2021-06-23T09:46:39,200.0,38.5,S
2021-06-23T09:46:39,300.0,38.5,S
2021-06-23T09:46:37,2000.0,38.5,S
2021-06-23T09:46:37,100.0,38.55,B
2021-06-23T09:46:35,700.0,38.5,S
2021-06-23T09:46:35,4300.0,38.5,S
2021-06-23T09:46:33,200.0,38.5,S
2021-06-23T09:46:23,300.0,38.5,S
2021-06-23T09:46:19,2500.0,38.5,S
2021-06-23T09:46:10,100.0,38.5,S
2021-06-23T09:46:08,1000.0,38.5,S
2021-06-23T09:46:04,1000.0,38.5,S
2021-06-23T09:46:00,1000.0,38.55,B
2021-06-23T09:45:59,1600.0,38.5,S
2021-06-23T09:45:59,200.0,38.5,S
2021-06-23T09:45:59,5000.0,38.5,S
2021-06-23T09:45:58,2200.0,38.5,S
2021-06-23T09:45:41,1000.0,38.5,S
2021-06-23T09:45:33,1600.0,38.5,S
2021-06-23T09:45:33,8400.0,38.5,S
2021-06-23T09:45:32,300.0,38.5,S
2021-06-23T09:45:25,200.0,38.5,S
2021-06-23T09:45:23,1000.0,38.55,B
2021-06-23T09:45:19,700.0,38.5,S
2021-06-23T09:45:18,800.0,38.5,S
2021-06-23T09:45:18,100.0,38.55,B
2021-06-23T09:45:10,7000.0,38.5,S
2021-06-23T09:45:03,1500.0,38.5,S
2021-06-23T09:45:02,2000.0,38.5,S
2021-06-23T09:44:59,100.0,38.55,B
2021-06-23T09:44:54,100.0,38.55,B
2021-06-23T09:44:54,1000.0,38.5,S
2021-06-23T09:44:53,8000.0,38.5,S
2021-06-23T09:44:40,1000.0,38.5,S
2021-06-23T09:44:40,200.0,38.55,S
2021-06-23T09:44:40,700.0,38.55,S
2021-06-23T09:44:39,1200.0,38.55,S
2021-06-23T09:44:39,1200.0,38.55,S
2021-06-23T09:44:39,5000.0,38.55,S
2021-06-23T09:44:39,7100.0,38.55,S
2021-06-23T09:44:36,100.0,38.6,B
2021-06-23T09:44:34,200.0,38.55,S
2021-06-23T09:44:16,300.0,38.55,S
2021-06-23T09:44:04,300.0,38.55,S
2021-06-23T09:44:00,5200.0,38.6,S
2021-06-23T09:44:00,500.0,38.6,S
2021-06-23T09:44:00,2200.0,38.6,S
2021-06-23T09:44:00,400.0,38.6,S
2021-06-23T09:44:00,13800.0,38.6,S
2021-06-23T09:43:43,100.0,38.6,S
2021-06-23T09:43:42,300.0,38.6,S
2021-06-23T09:43:23,900.0,38.6,S
2021-06-23T09:43:23,2400.0,38.6,S
2021-06-23T09:43:23,6500.0,38.6,S
2021-06-23T09:43:23,400.0,38.6,S
2021-06-23T09:43:23,10700.0,38.6,S
2021-06-23T09:43:20,200.0,38.65,S
2021-06-23T09:43:11,800.0,38.7,B
2021-06-23T09:43:07,3000.0,38.65,B
2021-06-23T09:43:03,2700.0,38.65,B
2021-06-23T09:42:58,200.0,38.65,B
2021-06-23T09:42:55,200.0,38.65,B
2021-06-23T09:42:51,100.0,38.65,S
2021-06-23T09:42:51,2800.0,38.65,S
2021-06-23T09:42:29,100.0,38.65,S
2021-06-23T09:42:29,1500.0,38.65,S
2021-06-23T09:42:29,3700.0,38.65,S
2021-06-23T09:42:17,2000.0,38.65,S
2021-06-23T09:41:59,300.0,38.65,S
2021-06-23T09:41:56,2000.0,38.7,B
2021-06-23T09:41:52,5000.0,38.65,S
2021-06-23T09:41:49,1000.0,38.65,S
2021-06-23T09:41:34,1000.0,38.65,S
2021-06-23T09:41:29,6900.0,38.65,S
2021-06-23T09:41:24,1000.0,38.7,B
2021-06-23T09:41:19,1500.0,38.7,B
2021-06-23T09:41:17,1000.0,38.7,B
2021-06-23T09:41:10,200.0,38.7,B
2021-06-23T09:41:07,1700.0,38.7,B
2021-06-23T09:41:01,1200.0,38.7,B
2021-06-23T09:40:54,1500.0,38.65,S
2021-06-23T09:40:52,10000.0,38.65,S
2021-06-23T09:40:49,100.0,38.65,S
2021-06-23T09:40:44,5000.0,38.65,S
2021-06-23T09:40:43,10000.0,38.7,B
2021-06-23T09:40:39,100.0,38.65,S
2021-06-23T09:40:27,200.0,38.65,S
2021-06-23T09:40:12,100.0,38.65,S
2021-06-23T09:39:26,300.0,38.65,S
2021-06-23T09:39:24,200.0,38.65,S
2021-06-23T09:39:22,600.0,38.65,S
2021-06-23T09:39:08,2500.0,38.65,S
2021-06-23T09:39:07,100.0,38.65,S
2021-06-23T09:39:00,400.0,38.65,S
2021-06-23T09:38:58,2000.0,38.65,S
2021-06-23T09:38:58,500.0,38.65,S
2021-06-23T09:38:57,4500.0,38.65,S
2021-06-23T09:38:56,200.0,38.7,B
2021-06-23T09:38:54,100.0,38.7,B
2021-06-23T09:38:50,900.0,38.75,B
2021-06-23T09:38:50,100.0,38.7,B
2021-06-23T09:38:50,700.0,38.7,B
2021-06-23T09:38:50,300.0,38.7,B
2021-06-23T09:38:49,4000.0,38.7,B
2021-06-23T09:38:47,5000.0,38.65,S
2021-06-23T09:38:20,1000.0,38.7,B
2021-06-23T09:38:19,3000.0,38.65,S
2021-06-23T09:38:14,400.0,38.65,S
2021-06-23T09:37:50,100.0,38.65,S
2021-06-23T09:37:44,100.0,38.65,S
2021-06-23T09:37:37,15600.0,38.65,S
2021-06-23T09:37:33,300.0,38.65,S
2021-06-23T09:37:31,1000.0,38.65,S
2021-06-23T09:37:25,400.0,38.65,S
2021-06-23T09:37:23,300.0,38.65,S
2021-06-23T09:37:19,500.0,38.65,S
2021-06-23T09:37:18,11900.0,38.65,S
2021-06-23T09:37:01,200.0,38.65,S
2021-06-23T09:36:59,500.0,38.65,S
2021-06-23T09:36:56,400.0,38.65,S
2021-06-23T09:36:49,500.0,38.65,S
2021-06-23T09:36:44,100.0,38.65,S
2021-06-23T09:36:44,600.0,38.65,S
2021-06-23T09:36:44,600.0,38.65,S
2021-06-23T09:36:40,8000.0,38.8,B
2021-06-23T09:36:40,5700.0,38.75,B
2021-06-23T09:36:36,5000.0,38.65,S
2021-06-23T09:36:36,17000.0,38.65,S
2021-06-23T09:36:10,4900.0,38.65,S
2021-06-23T09:35:52,5000.0,38.65,S
2021-06-23T09:35:45,800.0,38.65,S
2021-06-23T09:35:45,2100.0,38.65,S
2021-06-23T09:35:45,2000.0,38.7,S
2021-06-23T09:34:56,2500.0,38.65,S
2021-06-23T09:34:54,100.0,38.75,B
2021-06-23T09:34:40,100.0,38.7,B
2021-06-23T09:34:37,20600.0,38.65,B
2021-06-23T09:34:36,6200.0,38.65,B
2021-06-23T09:34:36,3200.0,38.65,B
2021-06-23T09:34:30,200.0,38.7,B
2021-06-23T09:34:29,100.0,38.65,B
2021-06-23T09:34:21,700.0,38.7,B
2021-06-23T09:34:13,1000.0,38.6,S
2021-06-23T09:34:06,2000.0,38.7,B
2021-06-23T09:33:53,8000.0,38.6,S
2021-06-23T09:33:49,100.0,38.65,B
2021-06-23T09:33:40,100.0,38.6,S
2021-06-23T09:33:00,800.0,38.6,B
2021-06-23T09:32:52,500.0,38.65,B
2021-06-23T09:32:32,300.0,38.6,B
2021-06-23T09:32:28,1500.0,38.6,B
2021-06-23T09:32:26,1900.0,38.6,B
2021-06-23T09:32:14,300.0,38.6,B
2021-06-23T09:32:12,300.0,38.65,B
2021-06-23T09:32:08,1000.0,38.6,B
2021-06-23T09:32:05,5500.0,38.55,S
2021-06-23T09:32:03,2200.0,38.55,S
2021-06-23T09:32:03,11700.0,38.55,S
2021-06-23T09:32:03,3800.0,38.6,B
2021-06-23T09:31:58,100.0,38.6,B
2021-06-23T09:31:56,1000.0,38.6,B
2021-06-23T09:31:56,200.0,38.6,B
2021-06-23T09:31:35,1200.0,38.55,S
2021-06-23T09:31:35,800.0,38.6,B
2021-06-23T09:31:35,2200.0,38.6,B
2021-06-23T09:31:32,600.0,38.6,B
2021-06-23T09:31:22,1100.0,38.6,B
2021-06-23T09:31:19,1100.0,38.6,B
2021-06-23T09:31:19,100.0,38.6,B
2021-06-23T09:31:06,3000.0,38.55,S
2021-06-23T09:31:03,300.0,38.55,S
2021-06-23T09:31:02,200.0,38.55,S
2021-06-23T09:30:56,500.0,38.55,S
2021-06-23T09:30:51,1300.0,38.55,B
2021-06-23T09:30:28,2000.0,38.55,B
2021-06-23T09:30:18,7000.0,38.55,B
2021-06-23T09:30:16,100.0,38.55,B
2021-06-23T09:30:16,3000.0,38.55,B
2021-06-23T09:30:15,5900.0,38.55,B
2021-06-23T09:30:14,200.0,38.5,S
2021-06-23T09:30:03,500.0,38.55,B
2021-06-23T09:29:54,2000.0,38.5,S
2021-06-23T09:29:54,1600.0,38.5,S
2021-06-23T09:29:32,200.0,38.5,B
2021-06-23T09:29:23,200.0,38.5,B
2021-06-23T09:29:22,500.0,38.5,B
2021-06-23T09:29:20,400.0,38.5,B
2021-06-23T09:29:18,100.0,38.5,B
2021-06-23T09:29:16,5600.0,38.5,B
2021-06-23T09:29:13,500.0,38.5,B
2021-06-23T09:28:53,5000.0,38.45,S
2021-06-23T09:28:49,10000.0,38.45,S
2021-06-23T09:28:43,500.0,38.5,B
2021-06-23T09:28:39,300.0,38.5,B
2021-06-23T09:28:39,4500.0,38.5,B
2021-06-23T09:28:39,800.0,38.5,B
2021-06-23T09:28:37,10000.0,38.5,B
2021-06-23T09:28:37,1000.0,38.45,S
2021-06-23T09:28:22,3000.0,38.5,B
2021-06-23T09:28:21,1000.0,38.45,S
2021-06-23T09:28:15,1000.0,38.45,S
2021-06-23T09:28:11,500.0,38.45,S
2021-06-23T09:28:10,3400.0,38.45,S
2021-06-23T09:28:08,3600.0,38.4,S
2021-06-23T09:28:06,100.0,38.45,S
2021-06-23T09:28:01,200.0,38.5,B
2021-06-23T09:27:51,1000.0,38.4,S
2021-06-23T09:27:47,3600.0,38.4,S
2021-06-23T09:27:46,100.0,38.4,S
2021-06-23T09:27:44,1600.0,38.4,S
2021-06-23T09:27:44,100.0,38.4,S
2021-06-23T09:27:44,500.0,38.4,S
2021-06-23T09:27:42,1100.0,38.4,S
2021-06-23T09:27:42,500.0,38.5,B
2021-06-23T09:27:39,800.0,38.4,S
2021-06-23T09:27:38,300.0,38.5,B
2021-06-23T09:27:31,16700.0,38.4,S
2021-06-23T09:27:27,100.0,38.5,B
2021-06-23T09:27:27,6000.0,38.4,S
2021-06-23T09:27:25,2000.0,38.5,B
2021-06-23T09:27:16,500.0,38.4,S
2021-06-23T09:27:07,3000.0,38.5,B
2021-06-23T09:27:04,100.0,38.4,S
2021-06-23T09:27:04,300.0,38.4,S
2021-06-23T09:26:52,100.0,38.5,B
2021-06-23T09:26:35,400.0,38.4,S
2021-06-23T09:26:30,500.0,38.4,S
2021-06-23T09:26:09,500.0,38.4,S
2021-06-23T09:26:03,500.0,38.5,B
2021-06-23T09:26:01,100.0,38.4,S
2021-06-23T09:26:01,3000.0,38.4,S
2021-06-23T09:26:01,500.0,38.4,S
2021-06-23T09:26:01,5400.0,38.4,S
2021-06-23T09:26:01,3000.0,38.4,S
2021-06-23T09:25:59,500.0,38.4,S
2021-06-23T09:25:56,900.0,38.45,S
2021-06-23T09:25:55,100.0,38.5,B
2021-06-23T09:25:43,700.0,38.4,S
2021-06-23T09:25:43,500.0,38.4,S
2021-06-23T09:25:42,800.0,38.5,B
2021-06-23T09:25:42,7000.0,38.5,B
2021-06-23T09:25:40,1200.0,38.5,B
2021-06-23T09:25:31,400.0,38.4,S
2021-06-23T09:25:29,200.0,38.5,S
2021-06-23T09:25:28,700.0,38.5,S
2021-06-23T09:25:28,3600.0,38.5,S
2021-06-23T09:25:28,3000.0,38.5,S
2021-06-23T09:25:28,5300.0,38.5,S
2021-06-23T09:25:28,1900.0,38.5,S
2021-06-23T09:25:28,300.0,38.5,S
2021-06-23T09:25:28,1700.0,38.5,S
2021-06-23T09:25:28,300.0,38.5,S
2021-06-23T09:25:28,700.0,38.5,S
2021-06-23T09:25:28,1200.0,38.5,S
2021-06-23T09:25:28,13100.0,38.5,S
2021-06-23T09:25:28,300.0,38.55,B
2021-06-23T09:25:07,3200.0,38.5,S
2021-06-23T09:25:01,1000.0,38.5,S
2021-06-23T09:24:54,2000.0,38.55,B
2021-06-23T09:24:52,100.0,38.5,S
2021-06-23T09:24:52,400.0,38.55,B
2021-06-23T09:24:50,500.0,38.5,S
2021-06-23T09:24:44,600.0,38.5,S
2021-06-23T09:24:43,800.0,38.5,S
2021-06-23T09:24:30,5300.0,38.55,B
2021-06-23T09:24:29,1000.0,38.5,S
2021-06-23T09:24:19,3400.0,38.5,S
2021-06-23T09:24:19,1600.0,38.5,S
2021-06-23T09:24:09,1300.0,38.5,S
2021-06-23T09:24:02,1500.0,38.5,S
2021-06-23T09:23:55,2100.0,38.55,B
2021-06-23T09:23:55,1500.0,38.5,S
2021-06-23T09:23:55,4200.0,38.5,S
2021-06-23T09:23:55,300.0,38.5,S
2021-06-23T09:23:54,2200.0,38.5,S
2021-06-23T09:23:48,3000.0,38.55,B
2021-06-23T09:23:19,500.0,38.5,S
2021-06-23T09:23:19,1000.0,38.5,S
2021-06-23T09:23:19,2000.0,38.5,S
2021-06-23T09:23:19,1100.0,38.5,S
2021-06-23T09:23:18,15400.0,38.5,S
2021-06-23T09:23:13,1200.0,38.55,S
2021-06-23T09:23:12,500.0,38.55,S
2021-06-23T09:22:59,1000.0,38.5,S
2021-06-23T09:22:51,3900.0,38.55,S
2021-06-23T09:22:46,20000.0,38.55,S
2021-06-23T09:22:40,5000.0,38.65,B
2021-06-23T09:22:38,2000.0,38.6,S
2021-06-23T09:22:20,30000.0,38.55,S
2021-06-23T09:22:16,1000.0,38.6,S
2021-06-23T09:22:10,200.0,38.6,S
2021-06-23T09:22:02,4000.0,38.6,S
2021-06-23T09:21:56,2600.0,38.55,S
2021-06-23T09:21:56,2400.0,38.55,S
2021-06-23T09:21:56,300.0,38.6,S
2021-06-23T09:21:51,100.0,38.6,S
2021-06-23T09:21:42,2000.0,38.6,S
2021-06-23T09:21:37,500.0,38.6,S
2021-06-23T09:21:34,100.0,38.65,B
2021-06-23T09:21:29,300.0,38.65,B
2021-06-23T09:21:24,200.0,38.65,B
2021-06-23T09:21:24,100.0,38.65,B
2021-06-23T09:21:21,10000.0,38.6,S
2021-06-23T09:21:20,300.0,38.7,B
2021-06-23T09:21:12,1000.0,38.65,B
2021-06-23T09:21:02,500.0,38.65,S
2021-06-23T09:20:59,18500.0,38.65,S
2021-06-23T09:20:46,200.0,38.65,S
2021-06-23T09:20:46,800.0,38.65,S
2021-06-23T09:20:40,200.0,38.7,B
2021-06-23T09:20:28,1500.0,38.7,B
2021-06-23T09:20:16,300.0,38.7,B
2021-06-23T09:20:11,100.0,38.65,S
2021-06-23T09:20:06,300.0,38.65,S
2021-06-23T09:20:05,100.0,38.7,B
2021-06-23T09:19:51,100.0,38.7,B
2021-06-23T09:19:42,300.0,38.7,B
2021-06-23T09:19:36,500.0,38.65,S
2021-06-23T09:19:34,100.0,38.65,S
2021-06-23T09:19:15,300.0,38.65,S
2021-06-23T09:19:06,1000.0,38.7,S
2021-06-23T09:19:01,200.0,38.7,S
2021-06-23T09:18:51,2000.0,38.5,S
2021-06-23T09:18:47,2000.0,38.8,S
2021-06-23T09:18:46,13700.0,38.5,S
2021-06-23T09:18:44,5900.0,38.5,S
2021-06-23T09:18:44,10200.0,38.6,S
2021-06-23T09:18:44,1000.0,38.6,S
2021-06-23T09:18:44,100.0,38.6,S
2021-06-23T09:18:44,100.0,38.6,S
2021-06-23T09:18:44,22300.0,38.6,S
2021-06-23T09:18:44,1800.0,38.6,S
2021-06-23T09:18:44,18600.0,38.6,S
2021-06-23T09:18:44,9900.0,38.8,S
2021-06-23T09:18:39,500.0,38.85,B
2021-06-23T09:18:37,7000.0,38.8,S
2021-06-23T09:18:34,1000.0,38.8,S
2021-06-23T09:18:13,12200.0,38.65,S
2021-06-23T09:18:11,5000.0,38.75,S
2021-06-23T09:18:10,500.0,38.8,S
2021-06-23T09:18:00,5000.0,38.8,S
2021-06-23T09:17:58,500.0,38.8,S
2021-06-23T09:17:51,500.0,38.85,B
2021-06-23T09:17:41,1800.0,38.8,B
2021-06-23T09:17:39,500.0,38.8,B
2021-06-23T09:17:31,4700.0,38.8,B
2021-06-23T09:17:19,500.0,38.8,B
2021-06-23T09:17:13,500.0,38.75,S
2021-06-23T09:17:11,500.0,38.8,B
2021-06-23T09:17:10,10000.0,38.8,B
2021-06-23T09:17:03,200.0,38.8,B
2021-06-23T09:17:02,200.0,38.8,B
2021-06-23T09:17:00,100.0,38.8,B
2021-06-23T09:17:00,300.0,38.8,B
2021-06-23T09:16:54,1000.0,38.8,B
2021-06-23T09:16:50,200.0,38.8,B
2021-06-23T09:16:45,1200.0,38.8,B
2021-06-23T09:16:37,100.0,38.8,B
2021-06-23T09:16:28,400.0,38.8,S
2021-06-23T09:16:19,500.0,38.8,B
2021-06-23T09:16:10,1000.0,38.8,S
2021-06-23T09:16:08,500.0,38.8,S
2021-06-23T09:16:00,100.0,38.8,B
2021-06-23T09:15:48,600.0,38.8,B
2021-06-23T09:15:36,100.0,38.8,B
2021-06-23T09:15:32,100.0,38.8,S
2021-06-23T09:15:32,200.0,38.8,S
2021-06-23T09:15:32,6700.0,38.8,S
