tradingTime,volume,price,side
2021-06-23T14:20:54,300.0,5.2,S
2021-06-23T14:20:50,400.0,5.2,S
2021-06-23T14:19:32,400.0,5.2,S
2021-06-23T14:18:51,800.0,5.2,S
2021-06-23T14:18:18,1000.0,5.2,S
2021-06-23T14:18:03,2000.0,5.2,S
2021-06-23T14:17:50,300.0,5.2,S
2021-06-23T14:17:29,2400.0,5.2,S
2021-06-23T14:17:08,1000.0,5.2,S
2021-06-23T14:16:16,300.0,5.2,S
2021-06-23T14:15:20,1400.0,5.2,S
2021-06-23T14:15:00,4200.0,5.2,S
2021-06-23T14:14:32,24500.0,5.2,S
2021-06-23T14:14:09,100.0,5.3,B
2021-06-23T14:13:33,1000.0,5.2,S
2021-06-23T14:12:45,20000.0,5.2,S
2021-06-23T14:11:40,200.0,5.3,B
2021-06-23T14:11:19,2000.0,5.2,S
2021-06-23T14:10:50,1500.0,5.2,S
2021-06-23T14:10:42,3400.0,5.2,S
2021-06-23T14:10:15,10000.0,5.2,S
2021-06-23T14:10:14,700.0,5.3,B
2021-06-23T14:10:10,2000.0,5.2,S
2021-06-23T14:09:48,11500.0,5.2,B
2021-06-23T14:09:36,300.0,5.2,B
2021-06-23T14:09:20,23300.0,5.2,B
2021-06-23T14:08:47,200.0,5.2,B
2021-06-23T14:08:43,10000.0,5.2,B
2021-06-23T14:08:37,1300.0,5.2,B
2021-06-23T14:08:34,100.0,5.2,B
2021-06-23T14:08:19,3800.0,5.2,B
2021-06-23T14:08:17,10000.0,5.2,B
2021-06-23T14:08:03,100.0,5.2,B
2021-06-23T14:07:45,500.0,5.2,B
2021-06-23T14:07:15,7000.0,5.2,B
2021-06-23T14:07:05,2000.0,5.2,B
2021-06-23T14:06:56,10000.0,5.2,B
2021-06-23T14:06:55,200.0,5.2,B
2021-06-23T14:06:35,1000.0,5.2,B
2021-06-23T14:06:34,7500.0,5.2,B
2021-06-23T14:06:24,21000.0,5.2,B
2021-06-23T14:06:22,200.0,5.2,B
2021-06-23T14:05:50,5000.0,5.2,B
2021-06-23T14:05:13,500.0,5.2,B
2021-06-23T14:03:50,700.0,5.2,B
2021-06-23T14:03:41,100.0,5.2,B
2021-06-23T14:03:26,200.0,5.1,S
2021-06-23T14:03:05,100.0,5.2,B
2021-06-23T14:03:04,800.0,5.2,B
2021-06-23T14:02:09,4000.0,5.2,B
2021-06-23T14:01:44,2000.0,5.2,B
2021-06-23T14:01:32,10000.0,5.2,B
2021-06-23T14:01:29,100.0,5.2,B
2021-06-23T14:00:45,20000.0,5.2,B
2021-06-23T14:00:38,35000.0,5.2,B
2021-06-23T13:59:51,69800.0,5.2,B
2021-06-23T13:59:14,10000.0,5.2,S
2021-06-23T13:59:09,10000.0,5.2,S
2021-06-23T13:58:54,32800.0,5.2,S
2021-06-23T13:58:43,3000.0,5.2,S
2021-06-23T13:58:10,10000.0,5.2,S
2021-06-23T13:57:57,2000.0,5.2,S
2021-06-23T13:57:47,200.0,5.2,S
2021-06-23T13:57:37,44700.0,5.2,S
2021-06-23T13:56:43,800.0,5.2,S
2021-06-23T13:55:57,20000.0,5.2,S
2021-06-23T13:55:46,5000.0,5.2,S
2021-06-23T13:55:39,1000.0,5.2,S
2021-06-23T13:55:12,4000.0,5.2,S
2021-06-23T13:55:09,1000.0,5.2,S
2021-06-23T13:53:54,10000.0,5.2,S
2021-06-23T13:53:44,900.0,5.2,S
2021-06-23T13:53:03,30000.0,5.2,S
2021-06-23T13:52:43,1000.0,5.3,B
2021-06-23T13:52:07,500.0,5.2,S
2021-06-23T13:51:32,3000.0,5.2,S
2021-06-23T13:51:04,100.0,5.3,B
2021-06-23T13:49:27,5000.0,5.3,B
2021-06-23T13:47:30,4000.0,5.3,B
2021-06-23T13:46:35,2500.0,5.3,B
2021-06-23T13:46:05,100.0,5.3,B
2021-06-23T13:45:33,200.0,5.3,B
2021-06-23T13:45:25,100.0,5.3,B
2021-06-23T13:45:06,7900.0,5.2,B
2021-06-23T13:45:05,2100.0,5.2,B
2021-06-23T13:44:55,500.0,5.2,S
2021-06-23T13:44:53,1000.0,5.2,S
2021-06-23T13:44:46,1000.0,5.2,S
2021-06-23T13:44:40,2000.0,5.2,S
2021-06-23T13:44:26,5000.0,5.2,S
2021-06-23T13:44:04,9100.0,5.2,B
2021-06-23T13:44:04,6000.0,5.2,B
2021-06-23T13:44:00,10000.0,5.2,B
2021-06-23T13:43:55,5000.0,5.2,B
2021-06-23T13:43:46,4000.0,5.2,B
2021-06-23T13:43:42,1200.0,5.2,B
2021-06-23T13:43:37,1000.0,5.2,B
2021-06-23T13:43:26,20000.0,5.2,B
2021-06-23T13:43:20,10000.0,5.2,B
2021-06-23T13:43:15,1400.0,5.2,B
2021-06-23T13:43:14,2800.0,5.2,B
2021-06-23T13:43:05,30000.0,5.2,B
2021-06-23T13:43:03,30000.0,5.2,B
2021-06-23T13:43:01,50000.0,5.2,B
2021-06-23T13:42:58,2000.0,5.2,B
2021-06-23T13:42:57,500.0,5.2,B
2021-06-23T13:42:57,500.0,5.2,B
2021-06-23T13:42:52,3000.0,5.2,B
2021-06-23T13:42:49,3000.0,5.2,B
2021-06-23T13:42:47,5000.0,5.2,B
2021-06-23T13:42:33,74000.0,5.2,B
2021-06-23T13:42:25,200.0,5.2,B
2021-06-23T13:42:10,1600.0,5.2,B
2021-06-23T13:42:09,2000.0,5.2,B
2021-06-23T13:42:04,1000.0,5.2,B
2021-06-23T13:42:01,30000.0,5.2,B
2021-06-23T13:41:54,500.0,5.2,B
2021-06-23T13:41:34,100.0,5.2,B
2021-06-23T13:41:34,100.0,5.2,B
2021-06-23T13:41:26,29000.0,5.2,B
2021-06-23T13:41:18,10000.0,5.2,B
2021-06-23T13:41:07,4000.0,5.2,B
2021-06-23T13:40:54,2600.0,5.2,B
2021-06-23T13:40:29,1000.0,5.2,B
2021-06-23T13:40:21,5000.0,5.2,B
2021-06-23T13:39:43,1800.0,5.2,B
2021-06-23T13:39:40,20000.0,5.2,B
2021-06-23T13:39:25,100.0,5.2,B
2021-06-23T13:39:17,1000.0,5.2,B
2021-06-23T13:39:16,5000.0,5.2,B
2021-06-23T13:39:07,80000.0,5.2,B
2021-06-23T13:39:02,1000.0,5.2,B
2021-06-23T13:39:01,4600.0,5.2,B
2021-06-23T13:38:33,5000.0,5.2,B
2021-06-23T13:38:21,100.0,5.2,B
2021-06-23T13:38:09,5000.0,5.2,B
2021-06-23T13:38:02,3000.0,5.2,B
2021-06-23T13:37:29,25000.0,5.2,B
2021-06-23T13:34:58,2000.0,5.1,S
2021-06-23T13:34:24,11500.0,5.1,S
2021-06-23T13:33:49,500.0,5.1,S
2021-06-23T13:33:22,400.0,5.1,S
2021-06-23T13:31:46,100.0,5.1,S
2021-06-23T13:31:00,100.0,5.1,S
2021-06-23T13:31:00,300.0,5.2,B
2021-06-23T13:30:37,2100.0,5.2,B
2021-06-23T13:30:32,200.0,5.2,B
2021-06-23T13:30:11,100.0,5.2,B
2021-06-23T13:29:57,1000.0,5.2,B
2021-06-23T13:29:11,300.0,5.2,B
2021-06-23T13:28:46,600.0,5.2,B
2021-06-23T13:26:03,10000.0,5.1,S
2021-06-23T13:25:26,200.0,5.1,S
2021-06-23T13:24:44,5000.0,5.1,S
2021-06-23T13:24:07,100.0,5.1,S
2021-06-23T13:23:49,24300.0,5.1,S
2021-06-23T13:23:20,5000.0,5.1,S
2021-06-23T13:23:00,100.0,5.1,S
2021-06-23T13:22:57,200.0,5.1,S
2021-06-23T13:21:09,2000.0,5.1,S
2021-06-23T13:20:38,1000.0,5.1,S
2021-06-23T13:20:18,10000.0,5.1,S
2021-06-23T13:19:24,200.0,5.2,B
2021-06-23T13:19:00,20000.0,5.2,B
2021-06-23T13:18:39,100.0,5.2,B
2021-06-23T13:18:20,63000.0,5.2,B
2021-06-23T13:17:50,50000.0,5.2,B
2021-06-23T13:16:40,2400.0,5.2,B
2021-06-23T13:16:10,3000.0,5.2,B
2021-06-23T13:16:09,3000.0,5.1,S
2021-06-23T13:15:51,12700.0,5.2,B
2021-06-23T13:15:50,77100.0,5.2,S
2021-06-23T13:15:47,10000.0,5.2,S
2021-06-23T13:15:36,160100.0,5.2,S
2021-06-23T13:15:34,500.0,5.2,S
2021-06-23T13:15:14,16600.0,5.2,S
2021-06-23T13:14:56,5000.0,5.2,S
2021-06-23T13:14:50,500.0,5.2,S
2021-06-23T13:14:19,500.0,5.2,S
2021-06-23T13:13:46,500.0,5.2,S
2021-06-23T13:13:12,3500.0,5.2,S
2021-06-23T13:13:07,600.0,5.2,S
2021-06-23T13:12:49,1200.0,5.2,S
2021-06-23T13:11:51,10000.0,5.2,S
2021-06-23T13:11:45,100.0,5.2,S
2021-06-23T13:11:18,100.0,5.2,S
2021-06-23T13:10:38,36000.0,5.2,S
2021-06-23T13:10:34,5000.0,5.2,S
2021-06-23T13:10:33,3200.0,5.2,S
2021-06-23T13:10:02,1000.0,5.2,S
2021-06-23T13:09:58,300.0,5.2,S
2021-06-23T13:09:20,200.0,5.2,S
2021-06-23T13:07:59,1000.0,5.2,S
2021-06-23T13:06:13,5000.0,5.2,S
2021-06-23T13:06:12,50800.0,5.2,S
2021-06-23T13:06:12,100.0,5.3,B
2021-06-23T13:06:07,3600.0,5.2,S
2021-06-23T13:06:02,400.0,5.2,S
2021-06-23T13:05:38,800.0,5.2,S
2021-06-23T13:05:05,1000.0,5.3,B
2021-06-23T13:04:31,1000.0,5.2,S
2021-06-23T13:04:06,3700.0,5.2,S
2021-06-23T13:03:53,2000.0,5.2,S
2021-06-23T13:03:47,1000.0,5.2,S
2021-06-23T13:02:49,100.0,5.2,S
2021-06-23T13:02:08,5000.0,5.2,S
2021-06-23T13:01:08,1000.0,5.2,S
2021-06-23T13:00:14,102000.0,5.2,S
2021-06-23T13:00:10,2000.0,5.2,S
2021-06-23T13:00:03,3000.0,5.2,S
2021-06-23T13:00:03,100.0,5.2,S
2021-06-23T13:00:02,40100.0,5.2,S
2021-06-23T11:28:05,500.0,5.2,S
2021-06-23T11:26:54,9200.0,5.2,S
2021-06-23T11:26:35,20000.0,5.2,S
2021-06-23T11:26:19,3000.0,5.2,S
2021-06-23T11:25:53,100.0,5.2,S
2021-06-23T11:25:08,1000.0,5.2,S
2021-06-23T11:24:48,6000.0,5.2,S
2021-06-23T11:24:18,1200.0,5.2,S
2021-06-23T11:23:39,2000.0,5.2,S
2021-06-23T11:23:36,100.0,5.2,S
2021-06-23T11:22:56,20000.0,5.2,S
2021-06-23T11:22:38,2000.0,5.2,S
2021-06-23T11:22:31,65100.0,5.2,S
2021-06-23T11:22:31,100.0,5.1,S
2021-06-23T11:22:20,104700.0,5.2,S
2021-06-23T11:22:19,200.0,5.2,S
2021-06-23T11:21:33,50000.0,5.2,S
2021-06-23T11:21:30,500.0,5.2,S
2021-06-23T11:21:15,120000.0,5.2,S
2021-06-23T11:21:13,5000.0,5.2,S
2021-06-23T11:20:53,100.0,5.2,S
2021-06-23T11:20:41,1300.0,5.2,S
2021-06-23T11:20:29,118700.0,5.2,B
2021-06-23T11:20:25,5000.0,5.2,B
2021-06-23T11:19:56,100.0,5.2,B
2021-06-23T11:19:37,100.0,5.2,B
2021-06-23T11:17:17,101300.0,5.2,S
2021-06-23T11:17:14,34600.0,5.2,S
2021-06-23T11:16:56,400.0,5.2,S
2021-06-23T11:16:42,10000.0,5.2,S
2021-06-23T11:16:22,200.0,5.2,S
2021-06-23T11:16:15,200.0,5.2,S
2021-06-23T11:15:30,1000.0,5.2,S
2021-06-23T11:14:21,52500.0,5.2,B
2021-06-23T11:14:10,3000.0,5.2,B
2021-06-23T11:14:03,2900.0,5.2,B
2021-06-23T11:14:01,1800.0,5.2,S
2021-06-23T11:13:54,5000.0,5.2,S
2021-06-23T11:13:41,1000.0,5.2,S
2021-06-23T11:13:37,600.0,5.2,S
2021-06-23T11:13:24,5000.0,5.2,S
2021-06-23T11:13:22,1000.0,5.3,B
2021-06-23T11:13:10,100.0,5.2,S
2021-06-23T11:12:50,287600.0,5.2,B
2021-06-23T11:12:01,1000.0,5.2,B
2021-06-23T11:09:44,6000.0,5.2,B
2021-06-23T11:09:05,1800.0,5.2,B
2021-06-23T11:08:44,4700.0,5.2,S
2021-06-23T11:08:38,193600.0,5.2,S
2021-06-23T11:08:38,1800.0,5.2,S
2021-06-23T11:08:19,3000.0,5.2,S
2021-06-23T11:08:18,600.0,5.2,S
2021-06-23T11:08:14,3000.0,5.2,S
2021-06-23T11:08:08,2800.0,5.2,S
2021-06-23T11:07:56,10000.0,5.2,S
2021-06-23T11:07:36,100000.0,5.2,S
2021-06-23T11:07:30,20000.0,5.2,S
2021-06-23T11:07:29,1000.0,5.2,S
2021-06-23T11:07:20,3000.0,5.2,S
2021-06-23T11:06:58,7700.0,5.2,S
2021-06-23T11:06:19,20500.0,5.2,S
2021-06-23T11:05:44,1000.0,5.2,S
2021-06-23T11:02:39,100.0,5.2,S
2021-06-23T11:01:59,500.0,5.2,S
2021-06-23T11:01:56,500.0,5.2,S
2021-06-23T11:01:04,100.0,5.2,S
2021-06-23T11:00:46,7000.0,5.2,S
2021-06-23T11:00:10,200.0,5.2,S
2021-06-23T11:00:04,500.0,5.2,S
2021-06-23T10:58:18,1000.0,5.2,S
2021-06-23T10:58:14,19000.0,5.2,S
2021-06-23T10:56:53,100.0,5.2,S
2021-06-23T10:55:56,26000.0,5.2,S
2021-06-23T10:55:50,1000.0,5.2,S
2021-06-23T10:55:15,500.0,5.2,S
2021-06-23T10:55:00,20000.0,5.2,S
2021-06-23T10:54:39,400.0,5.2,S
2021-06-23T10:54:20,1000.0,5.2,S
2021-06-23T10:54:15,1000.0,5.2,S
2021-06-23T10:52:16,1000.0,5.2,S
2021-06-23T10:52:11,500.0,5.2,S
2021-06-23T10:51:38,50000.0,5.2,S
2021-06-23T10:51:12,2800.0,5.2,S
2021-06-23T10:50:48,6000.0,5.2,S
2021-06-23T10:50:39,2000.0,5.2,S
2021-06-23T10:50:38,10000.0,5.2,S
2021-06-23T10:50:36,9000.0,5.2,S
2021-06-23T10:49:55,7600.0,5.2,S
2021-06-23T10:49:40,1000.0,5.2,S
2021-06-23T10:49:40,10000.0,5.2,S
2021-06-23T10:49:27,1200.0,5.2,S
2021-06-23T10:48:46,1000.0,5.2,S
2021-06-23T10:47:37,100.0,5.2,S
2021-06-23T10:45:44,5000.0,5.2,S
2021-06-23T10:45:02,10000.0,5.2,S
2021-06-23T10:44:39,400.0,5.2,S
2021-06-23T10:44:18,100.0,5.2,S
2021-06-23T10:44:01,2000.0,5.2,S
2021-06-23T10:42:59,10000.0,5.2,S
2021-06-23T10:42:29,8000.0,5.2,S
2021-06-23T10:41:10,100.0,5.2,S
2021-06-23T10:40:41,19800.0,5.2,S
2021-06-23T10:39:59,15500.0,5.2,S
2021-06-23T10:39:53,2000.0,5.2,S
2021-06-23T10:39:45,300.0,5.2,S
2021-06-23T10:39:24,300000.0,5.2,S
2021-06-23T10:39:20,1100.0,5.2,S
2021-06-23T10:38:10,10000.0,5.2,S
2021-06-23T10:38:06,100.0,5.3,B
2021-06-23T10:37:44,500.0,5.2,S
2021-06-23T10:36:47,2000.0,5.2,S
2021-06-23T10:36:41,1000.0,5.2,S
2021-06-23T10:34:43,100.0,5.2,S
2021-06-23T10:34:40,100.0,5.2,S
2021-06-23T10:34:14,1000.0,5.2,S
2021-06-23T10:31:50,1000.0,5.2,S
2021-06-23T10:31:49,900.0,5.2,S
2021-06-23T10:31:30,2500.0,5.2,S
2021-06-23T10:31:03,1000.0,5.2,S
2021-06-23T10:30:36,1000.0,5.2,S
2021-06-23T10:29:30,2000.0,5.2,S
2021-06-23T10:29:14,4000.0,5.2,S
2021-06-23T10:29:12,300.0,5.2,S
2021-06-23T10:28:26,20000.0,5.2,S
2021-06-23T10:26:51,1000.0,5.2,S
2021-06-23T10:26:13,200.0,5.3,B
2021-06-23T10:22:07,10000.0,5.3,B
2021-06-23T10:21:51,7500.0,5.2,S
2021-06-23T10:20:57,1700.0,5.2,S
2021-06-23T10:20:36,100.0,5.3,B
2021-06-23T10:20:19,233200.0,5.2,S
2021-06-23T10:19:48,10000.0,5.2,S
2021-06-23T10:19:35,1000.0,5.2,S
2021-06-23T10:18:38,1500.0,5.2,S
2021-06-23T10:18:38,500.0,5.3,B
2021-06-23T10:18:34,1000.0,5.2,S
2021-06-23T10:18:17,1800.0,5.2,S
2021-06-23T10:17:20,10000.0,5.2,S
2021-06-23T10:17:11,100.0,5.2,S
2021-06-23T10:16:58,1000.0,5.2,S
2021-06-23T10:16:54,100.0,5.2,S
2021-06-23T10:15:59,20000.0,5.2,S
2021-06-23T10:15:53,321800.0,5.2,S
2021-06-23T10:15:45,11200.0,5.2,S
2021-06-23T10:15:44,20000.0,5.2,S
2021-06-23T10:15:15,4000.0,5.2,S
2021-06-23T10:14:55,300.0,5.2,S
2021-06-23T10:14:26,500.0,5.2,S
2021-06-23T10:13:23,300.0,5.2,S
2021-06-23T10:12:57,2000.0,5.2,S
2021-06-23T10:11:57,1000.0,5.2,S
2021-06-23T10:11:17,1000.0,5.2,S
2021-06-23T10:10:57,200.0,5.2,S
2021-06-23T10:09:54,5000.0,5.2,S
2021-06-23T10:09:30,400.0,5.2,S
2021-06-23T10:08:20,8700.0,5.2,S
2021-06-23T10:08:20,2000.0,5.2,S
2021-06-23T10:08:02,5000.0,5.2,S
2021-06-23T10:07:53,2000.0,5.2,S
2021-06-23T10:07:25,1800.0,5.2,S
2021-06-23T10:06:25,2200.0,5.2,S
2021-06-23T10:05:53,500.0,5.3,B
2021-06-23T10:05:13,3700.0,5.3,B
2021-06-23T10:04:59,600.0,5.3,B
2021-06-23T10:04:47,500.0,5.2,S
2021-06-23T10:04:36,200.0,5.2,S
2021-06-23T10:03:45,10000.0,5.2,S
2021-06-23T10:03:14,7000.0,5.2,S
2021-06-23T10:02:14,500.0,5.2,S
2021-06-23T10:01:46,20000.0,5.2,S
2021-06-23T10:01:37,500.0,5.2,S
2021-06-23T10:01:26,10000.0,5.2,S
2021-06-23T10:01:24,700.0,5.2,S
2021-06-23T10:00:45,3000.0,5.2,S
2021-06-23T10:00:31,1000.0,5.2,S
2021-06-23T10:00:23,15700.0,5.2,S
2021-06-23T09:59:58,1400.0,5.2,S
2021-06-23T09:59:38,1100.0,5.2,S
2021-06-23T09:58:57,10000.0,5.2,S
2021-06-23T09:58:40,500.0,5.2,S
2021-06-23T09:58:32,10000.0,5.2,S
2021-06-23T09:57:45,300.0,5.2,S
2021-06-23T09:57:29,10000.0,5.2,S
2021-06-23T09:56:02,15000.0,5.2,S
2021-06-23T09:55:50,300.0,5.3,B
2021-06-23T09:55:49,100.0,5.2,S
2021-06-23T09:54:47,300.0,5.3,B
2021-06-23T09:54:18,600.0,5.2,S
2021-06-23T09:54:06,500.0,5.2,S
2021-06-23T09:53:39,2100.0,5.2,S
2021-06-23T09:53:28,8000.0,5.2,S
2021-06-23T09:53:22,2000.0,5.2,S
2021-06-23T09:53:03,300.0,5.2,S
2021-06-23T09:52:22,900.0,5.2,S
2021-06-23T09:50:03,1000.0,5.2,S
2021-06-23T09:49:42,6200.0,5.2,S
2021-06-23T09:49:36,1200.0,5.2,S
2021-06-23T09:49:18,300.0,5.2,S
2021-06-23T09:49:00,1000.0,5.2,S
2021-06-23T09:48:32,27000.0,5.2,S
2021-06-23T09:46:17,200.0,5.2,S
2021-06-23T09:46:06,500.0,5.2,S
2021-06-23T09:45:41,300.0,5.2,S
2021-06-23T09:45:19,100.0,5.2,S
2021-06-23T09:45:16,2000.0,5.2,S
2021-06-23T09:45:08,6100.0,5.2,S
2021-06-23T09:45:05,3600.0,5.2,S
2021-06-23T09:44:53,200.0,5.2,S
2021-06-23T09:44:29,20000.0,5.2,S
2021-06-23T09:44:08,500.0,5.2,S
2021-06-23T09:43:51,2000.0,5.2,S
2021-06-23T09:43:49,100.0,5.2,S
2021-06-23T09:43:48,400.0,5.2,S
2021-06-23T09:43:07,6500.0,5.2,S
2021-06-23T09:42:51,2500.0,5.2,S
2021-06-23T09:42:19,3000.0,5.2,S
2021-06-23T09:41:57,1000.0,5.3,B
2021-06-23T09:40:58,1400.0,5.2,S
2021-06-23T09:40:55,500.0,5.2,S
2021-06-23T09:40:53,200.0,5.2,S
2021-06-23T09:40:27,500.0,5.2,S
2021-06-23T09:39:35,100.0,5.2,S
2021-06-23T09:39:12,2000.0,5.2,S
2021-06-23T09:39:11,14900.0,5.2,S
2021-06-23T09:38:57,900.0,5.2,S
2021-06-23T09:38:32,10000.0,5.2,S
2021-06-23T09:38:20,400.0,5.2,S
2021-06-23T09:31:47,100.0,5.3,B
2021-06-23T09:30:16,400.0,5.2,S
2021-06-23T09:29:31,22000.0,5.2,S
2021-06-23T09:29:22,1000.0,5.2,S
2021-06-23T09:28:47,500.0,5.2,S
2021-06-23T09:28:41,2000.0,5.2,S
2021-06-23T09:28:23,500.0,5.2,S
2021-06-23T09:28:22,500.0,5.2,S
2021-06-23T09:27:47,3000.0,5.2,S
2021-06-23T09:27:12,3600.0,5.2,S
2021-06-23T09:27:09,1000.0,5.2,S
2021-06-23T09:26:54,4000.0,5.2,S
2021-06-23T09:26:48,200.0,5.2,S
2021-06-23T09:26:14,2000.0,5.2,S
2021-06-23T09:26:13,8000.0,5.2,S
2021-06-23T09:26:03,500.0,5.2,S
2021-06-23T09:26:03,5000.0,5.2,S
2021-06-23T09:25:32,2000.0,5.2,S
2021-06-23T09:25:23,4000.0,5.2,S
2021-06-23T09:24:56,5000.0,5.2,S
2021-06-23T09:24:52,250000.0,5.2,S
2021-06-23T09:24:43,10000.0,5.2,S
2021-06-23T09:24:39,7000.0,5.2,S
2021-06-23T09:24:35,30000.0,5.2,S
2021-06-23T09:24:31,1000.0,5.2,S
2021-06-23T09:24:30,4000.0,5.2,S
2021-06-23T09:24:17,5000.0,5.2,S
2021-06-23T09:24:12,50000.0,5.2,S
2021-06-23T09:24:01,7000.0,5.2,S
2021-06-23T09:23:41,5000.0,5.2,S
2021-06-23T09:23:37,10000.0,5.2,S
2021-06-23T09:23:21,14400.0,5.2,S
2021-06-23T09:23:16,40000.0,5.2,S
2021-06-23T09:22:51,300.0,5.2,S
2021-06-23T09:22:43,10000.0,5.2,S
2021-06-23T09:22:25,2900.0,5.2,S
2021-06-23T09:21:34,5000.0,5.2,S
2021-06-23T09:21:30,6000.0,5.2,S
2021-06-23T09:21:02,500.0,5.2,S
2021-06-23T09:20:56,500.0,5.2,S
2021-06-23T09:19:11,5000.0,5.2,S
2021-06-23T09:18:58,5000.0,5.2,S
2021-06-23T09:18:22,2900.0,5.2,S
2021-06-23T09:17:34,500.0,5.2,S
2021-06-23T09:16:36,10000.0,5.2,S
2021-06-23T09:16:18,5000.0,5.2,S
2021-06-23T09:16:08,100.0,5.3,B
2021-06-23T09:15:34,100.0,5.2,S
2021-06-23T09:14:39,500.0,5.2,S
2021-06-23T09:14:14,700.0,5.2,S
2021-06-23T09:13:47,700.0,5.2,S
2021-06-23T09:13:22,22000.0,5.2,S
2021-06-23T09:12:49,2500.0,5.2,S
2021-06-23T09:12:37,100.0,5.3,B
2021-06-23T09:12:07,3000.0,5.2,S
2021-06-23T09:11:37,300.0,5.3,B
2021-06-23T09:11:27,200.0,5.3,B
2021-06-23T09:11:23,3000.0,5.3,B
2021-06-23T09:11:05,100.0,5.3,B
2021-06-23T09:10:21,1500.0,5.3,B
2021-06-23T09:09:40,1000.0,5.3,B
2021-06-23T09:09:40,1600.0,5.3,B
2021-06-23T09:09:22,6000.0,5.3,B
2021-06-23T09:09:16,100.0,5.3,B
2021-06-23T09:09:11,2000.0,5.3,B
2021-06-23T09:08:59,19000.0,5.3,B
2021-06-23T09:08:42,15000.0,5.3,B
2021-06-23T09:08:41,1000.0,5.2,S
2021-06-23T09:08:34,1000.0,5.2,S
2021-06-23T09:08:33,20000.0,5.3,B
2021-06-23T09:07:55,2500.0,5.2,S
2021-06-23T09:06:55,400.0,5.2,S
2021-06-23T09:06:21,100.0,5.2,S
2021-06-23T09:05:48,200.0,5.2,S
2021-06-23T09:04:40,400.0,5.2,S
2021-06-23T09:03:52,2000.0,5.2,S
2021-06-23T09:02:21,10000.0,5.2,S
2021-06-23T09:01:54,5000.0,5.2,S
2021-06-23T09:00:48,300.0,5.2,S
2021-06-23T09:00:30,200.0,5.2,S
2021-06-23T09:00:22,1000.0,5.3,B
