tradingTime,volume,price,side
2021-06-23T14:21:47,500.0,13.2,B
2021-06-23T14:21:37,300.0,13.2,B
2021-06-23T14:21:31,100.0,13.2,B
2021-06-23T14:21:25,500.0,13.2,B
2021-06-23T14:21:25,100.0,13.2,B
2021-06-23T14:21:09,500.0,13.2,B
2021-06-23T14:21:02,2000.0,13.2,B
2021-06-23T14:20:45,500.0,13.2,B
2021-06-23T14:20:31,2000.0,13.2,B
2021-06-23T14:20:17,200.0,13.2,B
2021-06-23T14:20:17,2000.0,13.2,B
2021-06-23T14:20:05,200.0,13.15,S
2021-06-23T14:19:58,1000.0,13.2,B
2021-06-23T14:19:52,7000.0,13.15,S
2021-06-23T14:19:43,4100.0,13.2,B
2021-06-23T14:19:20,6500.0,13.2,S
2021-06-23T14:19:06,1400.0,13.2,S
2021-06-23T14:19:06,300.0,13.2,S
2021-06-23T14:19:06,8300.0,13.2,S
2021-06-23T14:18:59,100.0,13.2,S
2021-06-23T14:18:59,900.0,13.2,S
2021-06-23T14:18:47,100.0,13.2,S
2021-06-23T14:18:06,1000.0,13.2,S
2021-06-23T14:18:02,2000.0,13.25,B
2021-06-23T14:17:49,5000.0,13.2,S
2021-06-23T14:17:45,500.0,13.2,S
2021-06-23T14:16:50,2000.0,13.2,S
2021-06-23T14:16:33,300.0,13.2,S
2021-06-23T14:16:16,1000.0,13.25,B
2021-06-23T14:16:12,5000.0,13.2,S
2021-06-23T14:15:58,15000.0,13.2,S
2021-06-23T14:15:52,100.0,13.25,B
2021-06-23T14:15:15,12500.0,13.2,S
2021-06-23T14:15:15,5000.0,13.2,S
2021-06-23T14:14:34,3000.0,13.25,B
2021-06-23T14:14:10,10000.0,13.25,B
2021-06-23T14:13:46,100.0,13.25,B
2021-06-23T14:13:34,12000.0,13.2,B
2021-06-23T14:13:34,10400.0,13.2,B
2021-06-23T14:13:34,22100.0,13.2,B
2021-06-23T14:13:05,1100.0,13.15,B
2021-06-23T14:13:02,1000.0,13.15,B
2021-06-23T14:12:55,10000.0,13.15,B
2021-06-23T14:12:50,2000.0,13.15,B
2021-06-23T14:12:48,2000.0,13.15,B
2021-06-23T14:12:43,3000.0,13.15,B
2021-06-23T14:12:43,800.0,13.15,B
2021-06-23T14:12:43,6200.0,13.15,B
2021-06-23T14:12:39,100.0,13.15,B
2021-06-23T14:12:22,100.0,13.15,B
2021-06-23T14:11:53,3000.0,13.1,S
2021-06-23T14:11:43,5000.0,13.1,S
2021-06-23T14:11:37,100.0,13.15,B
2021-06-23T14:11:34,1200.0,13.1,S
2021-06-23T14:11:09,6300.0,13.1,S
2021-06-23T14:10:44,1000.0,13.1,S
2021-06-23T14:10:31,1000.0,13.1,B
2021-06-23T14:10:31,4000.0,13.1,B
2021-06-23T14:10:31,1000.0,13.1,B
2021-06-23T14:10:00,1000.0,13.05,S
2021-06-23T14:09:57,5000.0,13.15,B
2021-06-23T14:09:55,2100.0,13.05,S
2021-06-23T14:09:55,100.0,13.05,S
2021-06-23T14:09:55,1700.0,13.05,S
2021-06-23T14:09:55,1100.0,13.05,S
2021-06-23T14:09:53,3900.0,13.1,S
2021-06-23T14:09:53,1100.0,13.1,S
2021-06-23T14:09:00,19700.0,13.05,S
2021-06-23T14:09:00,9200.0,13.05,S
2021-06-23T14:09:00,7100.0,13.05,S
2021-06-23T14:08:58,900.0,13.1,B
2021-06-23T14:08:56,100.0,13.1,B
2021-06-23T14:08:54,400.0,13.1,B
2021-06-23T14:08:46,1000.0,13.1,S
2021-06-23T14:08:42,2000.0,13.1,S
2021-06-23T14:08:42,100.0,13.1,S
2021-06-23T14:08:42,100.0,13.1,S
2021-06-23T14:08:34,400.0,13.1,B
2021-06-23T14:08:30,2000.0,13.1,B
2021-06-23T14:08:29,1000.0,13.1,B
2021-06-23T14:08:26,500.0,13.1,B
2021-06-23T14:08:11,4500.0,13.1,B
2021-06-23T14:08:04,3000.0,13.1,S
2021-06-23T14:08:02,5900.0,13.1,S
2021-06-23T14:08:02,600.0,13.1,S
2021-06-23T14:08:02,5500.0,13.1,S
2021-06-23T14:08:02,4300.0,13.1,S
2021-06-23T14:08:02,100.0,13.1,S
2021-06-23T14:08:02,6600.0,13.1,S
2021-06-23T14:08:02,1000.0,13.1,S
2021-06-23T14:08:02,5700.0,13.1,S
2021-06-23T14:08:02,800.0,13.1,S
2021-06-23T14:08:02,1200.0,13.1,S
2021-06-23T14:08:01,100.0,13.1,S
2021-06-23T14:08:01,9200.0,13.1,S
2021-06-23T14:07:55,100.0,13.1,S
2021-06-23T14:07:43,500.0,13.1,S
2021-06-23T14:07:39,5200.0,13.1,S
2021-06-23T14:07:32,700.0,13.1,S
2021-06-23T14:07:25,11000.0,13.15,B
2021-06-23T14:06:56,100.0,13.1,S
2021-06-23T14:06:18,100.0,13.1,S
2021-06-23T14:06:11,2000.0,13.1,S
2021-06-23T14:05:59,3000.0,13.1,S
2021-06-23T14:05:15,3400.0,13.1,S
2021-06-23T14:05:15,11600.0,13.1,S
2021-06-23T14:04:58,17600.0,13.15,B
2021-06-23T14:04:53,2000.0,13.15,B
2021-06-23T14:04:44,200.0,13.15,B
2021-06-23T14:04:04,1100.0,13.15,S
2021-06-23T14:04:00,100.0,13.15,S
2021-06-23T14:03:44,25000.0,13.1,S
2021-06-23T14:03:38,5000.0,13.15,S
2021-06-23T14:03:29,500.0,13.15,S
2021-06-23T14:03:14,100.0,13.15,S
2021-06-23T14:03:03,2000.0,13.15,S
2021-06-23T14:02:41,200.0,13.15,S
2021-06-23T14:01:53,1000.0,13.15,S
2021-06-23T14:01:36,800.0,13.15,S
2021-06-23T14:00:33,3100.0,13.15,B
2021-06-23T14:00:13,900.0,13.15,S
2021-06-23T14:00:01,1100.0,13.15,S
2021-06-23T14:00:01,400.0,13.15,S
2021-06-23T14:00:01,600.0,13.15,S
2021-06-23T13:59:58,1000.0,13.15,S
2021-06-23T13:59:09,5000.0,13.2,B
2021-06-23T13:58:23,3400.0,13.15,S
2021-06-23T13:58:23,6600.0,13.15,S
2021-06-23T13:58:02,100.0,13.2,B
2021-06-23T13:57:35,5000.0,13.15,S
2021-06-23T13:57:34,7000.0,13.15,S
2021-06-23T13:57:20,1700.0,13.15,S
2021-06-23T13:57:20,1000.0,13.15,S
2021-06-23T13:57:20,2300.0,13.15,S
2021-06-23T13:57:16,100.0,13.15,S
2021-06-23T13:56:55,100.0,13.15,S
2021-06-23T13:56:55,7800.0,13.15,S
2021-06-23T13:56:55,2100.0,13.15,S
2021-06-23T13:55:57,7500.0,13.15,S
2021-06-23T13:55:45,200.0,13.2,B
2021-06-23T13:55:35,500.0,13.2,B
2021-06-23T13:55:33,100.0,13.2,B
2021-06-23T13:55:24,5000.0,13.2,B
2021-06-23T13:55:10,500.0,13.2,B
2021-06-23T13:55:05,500.0,13.2,B
2021-06-23T13:54:59,1000.0,13.2,S
2021-06-23T13:54:47,500.0,13.2,B
2021-06-23T13:54:43,100.0,13.2,S
2021-06-23T13:54:41,800.0,13.2,S
2021-06-23T13:54:40,2600.0,13.2,S
2021-06-23T13:54:10,6300.0,13.25,B
2021-06-23T13:54:09,2000.0,13.2,S
2021-06-23T13:52:51,3000.0,13.2,S
2021-06-23T13:52:51,3000.0,13.25,B
2021-06-23T13:52:49,7000.0,13.2,S
2021-06-23T13:52:41,700.0,13.2,S
2021-06-23T13:52:41,500.0,13.2,S
2021-06-23T13:52:41,300.0,13.2,S
2021-06-23T13:52:10,4000.0,13.2,S
2021-06-23T13:52:09,300.0,13.2,S
2021-06-23T13:52:04,300.0,13.2,S
2021-06-23T13:51:50,500.0,13.25,B
2021-06-23T13:51:07,3000.0,13.25,B
2021-06-23T13:50:35,100.0,13.25,B
2021-06-23T13:49:22,100.0,13.25,B
2021-06-23T13:47:56,1000.0,13.2,S
2021-06-23T13:47:43,200.0,13.2,B
2021-06-23T13:47:28,20000.0,13.25,B
2021-06-23T13:47:09,100.0,13.2,B
2021-06-23T13:46:59,200.0,13.2,B
2021-06-23T13:46:49,100.0,13.2,S
2021-06-23T13:46:44,500.0,13.1,S
2021-06-23T13:46:44,3100.0,13.1,S
2021-06-23T13:46:44,1200.0,13.1,S
2021-06-23T13:46:44,2400.0,13.1,S
2021-06-23T13:46:44,10300.0,13.1,S
2021-06-23T13:46:44,1900.0,13.1,S
2021-06-23T13:46:44,1100.0,13.15,S
2021-06-23T13:46:44,200.0,13.15,S
2021-06-23T13:46:44,1200.0,13.15,S
2021-06-23T13:46:44,1100.0,13.15,S
2021-06-23T13:46:44,100.0,13.15,S
2021-06-23T13:46:44,3500.0,13.15,S
2021-06-23T13:46:44,3400.0,13.15,S
2021-06-23T13:46:43,3000.0,13.2,S
2021-06-23T13:46:40,1600.0,13.2,S
2021-06-23T13:46:40,400.0,13.2,S
2021-06-23T13:46:40,400.0,13.2,S
2021-06-23T13:46:40,1000.0,13.2,S
2021-06-23T13:46:40,500.0,13.2,S
2021-06-23T13:46:40,2000.0,13.2,S
2021-06-23T13:46:40,4100.0,13.2,S
2021-06-23T13:46:38,5000.0,13.2,S
2021-06-23T13:46:08,200.0,13.2,S
2021-06-23T13:45:53,200.0,13.2,S
2021-06-23T13:45:50,2000.0,13.2,S
2021-06-23T13:45:40,1800.0,13.2,S
2021-06-23T13:45:40,8200.0,13.2,S
2021-06-23T13:45:10,700.0,13.2,S
2021-06-23T13:45:10,2200.0,13.2,S
2021-06-23T13:45:10,1000.0,13.2,S
2021-06-23T13:45:10,1100.0,13.2,S
2021-06-23T13:45:05,100.0,13.25,B
2021-06-23T13:44:21,2000.0,13.2,S
2021-06-23T13:44:19,100.0,13.25,B
2021-06-23T13:44:04,1000.0,13.25,B
2021-06-23T13:44:04,400.0,13.25,B
2021-06-23T13:43:56,4000.0,13.2,S
2021-06-23T13:43:20,100.0,13.25,B
2021-06-23T13:42:42,200.0,13.25,B
2021-06-23T13:42:25,500.0,13.25,B
2021-06-23T13:42:16,500.0,13.25,B
2021-06-23T13:42:15,700.0,13.2,S
2021-06-23T13:42:06,200.0,13.25,B
2021-06-23T13:41:16,3000.0,13.2,S
2021-06-23T13:41:05,7000.0,13.25,B
2021-06-23T13:40:50,500.0,13.2,S
2021-06-23T13:40:49,10000.0,13.25,B
2021-06-23T13:40:23,3500.0,13.25,B
2021-06-23T13:40:05,200.0,13.25,B
2021-06-23T13:39:58,100.0,13.25,B
2021-06-23T13:39:49,5000.0,13.25,B
2021-06-23T13:39:48,100.0,13.25,B
2021-06-23T13:39:34,2000.0,13.2,S
2021-06-23T13:39:17,1000.0,13.2,S
2021-06-23T13:39:10,100.0,13.25,B
2021-06-23T13:39:04,1000.0,13.25,B
2021-06-23T13:37:51,500.0,13.25,B
2021-06-23T13:37:49,100.0,13.25,B
2021-06-23T13:37:09,2000.0,13.2,S
2021-06-23T13:36:37,300.0,13.25,B
2021-06-23T13:36:14,300.0,13.2,S
2021-06-23T13:36:06,2000.0,13.25,B
2021-06-23T13:35:59,1000.0,13.25,B
2021-06-23T13:35:49,500.0,13.25,B
2021-06-23T13:35:39,100.0,13.25,B
2021-06-23T13:35:15,100.0,13.25,B
2021-06-23T13:34:51,1600.0,13.2,B
2021-06-23T13:34:47,100.0,13.2,B
2021-06-23T13:34:37,300.0,13.2,B
2021-06-23T13:34:37,4700.0,13.2,B
2021-06-23T13:34:32,500.0,13.15,S
2021-06-23T13:34:30,1000.0,13.15,S
2021-06-23T13:34:30,100.0,13.2,B
2021-06-23T13:34:22,3000.0,13.15,S
2021-06-23T13:34:09,2400.0,13.15,S
2021-06-23T13:34:08,600.0,13.15,S
2021-06-23T13:34:06,900.0,13.2,B
2021-06-23T13:34:06,2300.0,13.2,B
2021-06-23T13:34:06,2600.0,13.2,B
2021-06-23T13:34:06,4200.0,13.2,B
2021-06-23T13:33:26,200.0,13.2,B
2021-06-23T13:33:06,700.0,13.2,B
2021-06-23T13:33:06,300.0,13.2,B
2021-06-23T13:33:00,200.0,13.2,B
2021-06-23T13:32:51,200.0,13.2,B
2021-06-23T13:32:20,100.0,13.2,B
2021-06-23T13:31:34,1200.0,13.2,B
2021-06-23T13:31:34,4300.0,13.2,B
2021-06-23T13:31:34,14500.0,13.2,B
2021-06-23T13:31:33,700.0,13.15,S
2021-06-23T13:31:24,100.0,13.2,B
2021-06-23T13:31:19,100.0,13.2,B
2021-06-23T13:31:03,1000.0,13.2,B
2021-06-23T13:30:21,100.0,13.2,B
2021-06-23T13:29:43,200.0,13.15,B
2021-06-23T13:29:34,200.0,13.15,B
2021-06-23T13:29:29,500.0,13.1,S
2021-06-23T13:29:14,2000.0,13.1,S
2021-06-23T13:29:09,1000.0,13.15,B
2021-06-23T13:29:03,900.0,13.1,S
2021-06-23T13:29:03,600.0,13.1,S
2021-06-23T13:29:03,5100.0,13.1,S
2021-06-23T13:28:56,1000.0,13.15,B
2021-06-23T13:28:13,1000.0,13.1,B
2021-06-23T13:28:06,500.0,13.1,B
2021-06-23T13:27:47,2000.0,13.05,S
2021-06-23T13:27:36,6500.0,13.05,S
2021-06-23T13:27:36,1200.0,13.05,S
2021-06-23T13:27:36,2100.0,13.1,S
2021-06-23T13:27:36,200.0,13.1,S
2021-06-23T13:27:23,1400.0,13.1,S
2021-06-23T13:27:13,200.0,13.2,B
2021-06-23T13:27:09,100.0,13.1,S
2021-06-23T13:27:05,2000.0,13.2,B
2021-06-23T13:26:35,1800.0,13.05,S
2021-06-23T13:26:35,12500.0,13.05,S
2021-06-23T13:26:35,100.0,13.1,S
2021-06-23T13:26:35,5900.0,13.1,S
2021-06-23T13:26:35,9700.0,13.1,S
2021-06-23T13:26:17,200.0,13.2,B
2021-06-23T13:25:59,1000.0,13.2,B
2021-06-23T13:25:40,100.0,13.2,B
2021-06-23T13:25:38,800.0,13.1,S
2021-06-23T13:25:38,300.0,13.1,S
2021-06-23T13:25:38,100.0,13.1,S
2021-06-23T13:25:38,10000.0,13.1,S
2021-06-23T13:25:38,1000.0,13.1,S
2021-06-23T13:25:38,1200.0,13.1,S
2021-06-23T13:25:38,3100.0,13.1,S
2021-06-23T13:25:37,15500.0,13.1,S
2021-06-23T13:25:03,500.0,13.2,B
2021-06-23T13:24:55,10000.0,13.2,B
2021-06-23T13:24:45,4200.0,13.1,S
2021-06-23T13:24:45,1300.0,13.1,S
2021-06-23T13:24:45,8500.0,13.1,S
2021-06-23T13:24:45,500.0,13.1,S
2021-06-23T13:24:45,1800.0,13.1,S
2021-06-23T13:24:45,500.0,13.1,S
2021-06-23T13:24:45,5200.0,13.1,S
2021-06-23T13:24:44,9400.0,13.1,S
2021-06-23T13:24:44,1000.0,13.1,S
2021-06-23T13:24:44,1400.0,13.1,S
2021-06-23T13:24:44,1200.0,13.1,S
2021-06-23T13:24:44,10500.0,13.1,S
2021-06-23T13:24:44,3000.0,13.1,S
2021-06-23T13:24:44,26400.0,13.1,S
2021-06-23T13:24:44,500.0,13.15,S
2021-06-23T13:24:40,200.0,13.15,S
2021-06-23T13:24:39,300.0,13.15,S
2021-06-23T13:24:39,100.0,13.15,S
2021-06-23T13:24:38,100.0,13.15,S
2021-06-23T13:24:37,3800.0,13.15,S
2021-06-23T13:24:37,100.0,13.15,S
2021-06-23T13:24:36,100.0,13.15,S
2021-06-23T13:24:36,100.0,13.15,S
2021-06-23T13:24:36,300.0,13.15,S
2021-06-23T13:24:35,100.0,13.15,S
2021-06-23T13:24:35,1000.0,13.15,S
2021-06-23T13:24:35,100.0,13.15,S
2021-06-23T13:24:34,100.0,13.15,S
2021-06-23T13:24:34,100.0,13.15,S
2021-06-23T13:24:34,500.0,13.15,S
2021-06-23T13:24:29,300.0,13.15,S
2021-06-23T13:24:28,100.0,13.15,S
2021-06-23T13:24:28,200.0,13.15,S
2021-06-23T13:24:28,200.0,13.15,S
2021-06-23T13:24:28,100.0,13.15,S
2021-06-23T13:24:28,200.0,13.15,S
2021-06-23T13:24:27,100.0,13.15,S
2021-06-23T13:24:27,100.0,13.15,S
2021-06-23T13:24:27,900.0,13.15,S
2021-06-23T13:24:27,1300.0,13.15,S
2021-06-23T13:24:27,700.0,13.15,S
2021-06-23T13:24:27,200.0,13.15,S
2021-06-23T13:24:27,1200.0,13.15,S
2021-06-23T13:24:26,5200.0,13.15,S
2021-06-23T13:24:26,300.0,13.15,S
2021-06-23T13:24:26,400.0,13.15,S
2021-06-23T13:24:26,200.0,13.15,S
2021-06-23T13:24:26,100.0,13.15,S
2021-06-23T13:24:25,500.0,13.15,S
2021-06-23T13:24:25,900.0,13.15,S
2021-06-23T13:24:25,200.0,13.15,S
2021-06-23T13:24:25,100.0,13.15,S
2021-06-23T13:24:25,1000.0,13.15,S
2021-06-23T13:24:25,100.0,13.15,S
2021-06-23T13:24:25,100.0,13.15,S
2021-06-23T13:24:25,100.0,13.15,S
2021-06-23T13:24:25,100.0,13.15,S
2021-06-23T13:24:25,400.0,13.15,S
2021-06-23T13:24:25,500.0,13.15,S
2021-06-23T13:24:25,100.0,13.15,S
2021-06-23T13:24:24,100.0,13.15,S
2021-06-23T13:24:24,300.0,13.15,S
2021-06-23T13:24:24,100.0,13.15,S
2021-06-23T13:24:24,300.0,13.15,S
2021-06-23T13:24:24,200.0,13.15,S
2021-06-23T13:24:24,500.0,13.15,S
2021-06-23T13:24:24,200.0,13.15,S
2021-06-23T13:24:23,1600.0,13.15,S
2021-06-23T13:24:23,300.0,13.15,S
2021-06-23T13:24:22,400.0,13.15,S
2021-06-23T13:24:22,100.0,13.15,S
2021-06-23T13:24:22,100.0,13.15,S
2021-06-23T13:24:22,100.0,13.15,S
2021-06-23T13:24:22,200.0,13.15,S
2021-06-23T13:24:22,100.0,13.15,S
2021-06-23T13:24:22,100.0,13.15,S
2021-06-23T13:24:21,900.0,13.15,S
2021-06-23T13:24:21,1600.0,13.15,S
2021-06-23T13:24:20,1000.0,13.15,S
2021-06-23T13:24:20,400.0,13.15,S
2021-06-23T13:24:20,300.0,13.15,S
2021-06-23T13:24:20,200.0,13.15,S
2021-06-23T13:24:20,100.0,13.15,S
2021-06-23T13:24:20,300.0,13.15,S
2021-06-23T13:24:20,1100.0,13.15,S
2021-06-23T13:24:20,500.0,13.15,S
2021-06-23T13:24:20,200.0,13.15,S
2021-06-23T13:24:20,100.0,13.15,S
2021-06-23T13:24:20,100.0,13.15,S
2021-06-23T13:24:19,300.0,13.15,S
2021-06-23T13:24:19,200.0,13.15,S
2021-06-23T13:24:19,100.0,13.15,S
2021-06-23T13:24:19,500.0,13.15,S
2021-06-23T13:24:19,500.0,13.15,S
2021-06-23T13:24:19,300.0,13.15,S
2021-06-23T13:24:19,900.0,13.15,S
2021-06-23T13:24:19,200.0,13.15,S
2021-06-23T13:24:19,200.0,13.15,S
2021-06-23T13:24:19,200.0,13.15,S
2021-06-23T13:24:19,100.0,13.15,S
2021-06-23T13:24:18,1100.0,13.15,S
2021-06-23T13:24:17,300.0,13.15,S
2021-06-23T13:24:17,100.0,13.15,S
2021-06-23T13:24:16,100.0,13.15,S
2021-06-23T13:24:16,700.0,13.15,S
2021-06-23T13:24:16,100.0,13.15,S
2021-06-23T13:24:16,500.0,13.15,S
2021-06-23T13:24:15,1700.0,13.15,S
2021-06-23T13:24:14,400.0,13.15,S
2021-06-23T13:24:14,1000.0,13.15,S
2021-06-23T13:24:14,200.0,13.15,S
2021-06-23T13:24:13,400.0,13.15,S
2021-06-23T13:24:13,500.0,13.15,S
2021-06-23T13:24:13,400.0,13.2,S
2021-06-23T13:24:13,100.0,13.2,S
2021-06-23T13:24:13,100.0,13.2,S
2021-06-23T13:24:13,400.0,13.2,S
2021-06-23T13:24:13,100.0,13.15,S
2021-06-23T13:24:13,700.0,13.15,S
2021-06-23T13:24:13,100.0,13.15,S
2021-06-23T13:24:13,300.0,13.15,S
2021-06-23T13:24:13,1700.0,13.15,S
2021-06-23T13:24:13,100.0,13.15,S
2021-06-23T13:24:13,300.0,13.15,S
2021-06-23T13:24:12,1700.0,13.15,S
2021-06-23T13:24:11,100.0,13.15,S
2021-06-23T13:24:11,500.0,13.15,S
2021-06-23T13:24:11,100.0,13.15,S
2021-06-23T13:24:11,200.0,13.15,S
2021-06-23T13:24:11,400.0,13.15,S
2021-06-23T13:24:10,200.0,13.2,S
2021-06-23T13:24:10,100.0,13.2,S
2021-06-23T13:24:06,100.0,13.2,S
2021-06-23T13:24:06,300.0,13.2,S
2021-06-23T13:24:04,300.0,13.2,S
2021-06-23T13:24:04,400.0,13.2,S
2021-06-23T13:24:04,100.0,13.2,S
2021-06-23T13:24:04,700.0,13.2,S
2021-06-23T13:24:03,100.0,13.2,S
2021-06-23T13:24:03,400.0,13.2,S
2021-06-23T13:24:03,1600.0,13.2,S
2021-06-23T13:24:03,100.0,13.2,S
2021-06-23T13:24:03,600.0,13.2,S
2021-06-23T13:24:03,2300.0,13.2,S
2021-06-23T13:24:03,300.0,13.2,S
2021-06-23T13:24:02,500.0,13.2,S
2021-06-23T13:24:02,300.0,13.2,S
2021-06-23T13:24:02,200.0,13.2,S
2021-06-23T13:24:02,100.0,13.2,S
2021-06-23T13:24:02,900.0,13.2,S
2021-06-23T13:24:02,100.0,13.2,S
2021-06-23T13:24:02,200.0,13.2,S
2021-06-23T13:24:02,1200.0,13.2,S
2021-06-23T13:24:02,200.0,13.2,S
2021-06-23T13:24:01,100.0,13.2,S
2021-06-23T13:24:00,200.0,13.2,S
2021-06-23T13:24:00,2100.0,13.2,S
2021-06-23T13:24:00,1200.0,13.2,S
2021-06-23T13:24:00,600.0,13.2,S
2021-06-23T13:24:00,200.0,13.2,S
2021-06-23T13:24:00,300.0,13.2,S
2021-06-23T13:24:00,1100.0,13.2,S
2021-06-23T13:24:00,100.0,13.2,S
2021-06-23T13:24:00,100.0,13.2,S
2021-06-23T13:24:00,300.0,13.2,S
2021-06-23T13:24:00,200.0,13.2,S
2021-06-23T13:23:59,200.0,13.2,S
2021-06-23T13:23:59,300.0,13.2,S
2021-06-23T13:23:59,400.0,13.2,S
2021-06-23T13:23:59,100.0,13.2,S
2021-06-23T13:23:58,300.0,13.2,S
2021-06-23T13:23:58,1000.0,13.2,S
2021-06-23T13:23:58,600.0,13.2,S
2021-06-23T13:23:58,100.0,13.2,S
2021-06-23T13:23:57,100.0,13.2,S
2021-06-23T13:23:57,200.0,13.2,S
2021-06-23T13:23:57,900.0,13.2,S
2021-06-23T13:23:56,600.0,13.2,S
2021-06-23T13:23:56,1700.0,13.2,S
2021-06-23T13:23:56,1900.0,13.2,S
2021-06-23T13:23:56,100.0,13.2,S
2021-06-23T13:23:55,2800.0,13.2,S
2021-06-23T13:23:55,3400.0,13.2,S
2021-06-23T13:23:55,200.0,13.2,S
2021-06-23T13:23:55,100.0,13.2,S
2021-06-23T13:23:54,1100.0,13.2,S
2021-06-23T13:23:54,200.0,13.2,S
2021-06-23T13:23:54,300.0,13.2,S
2021-06-23T13:23:54,1000.0,13.25,B
2021-06-23T13:23:54,2100.0,13.2,S
2021-06-23T13:23:54,7900.0,13.2,S
2021-06-23T13:23:33,500.0,13.2,S
2021-06-23T13:23:32,200.0,13.2,S
2021-06-23T13:23:09,2000.0,13.2,S
2021-06-23T13:23:00,2000.0,13.25,B
2021-06-23T13:22:56,4000.0,13.2,S
2021-06-23T13:22:55,500.0,13.2,S
2021-06-23T13:22:44,2000.0,13.2,S
2021-06-23T13:22:43,600.0,13.2,S
2021-06-23T13:22:26,200.0,13.25,B
2021-06-23T13:22:20,3300.0,13.2,S
2021-06-23T13:22:20,1100.0,13.2,S
2021-06-23T13:22:20,3100.0,13.2,S
2021-06-23T13:22:20,12500.0,13.2,S
2021-06-23T13:22:19,3700.0,13.2,S
2021-06-23T13:21:47,4000.0,13.2,S
2021-06-23T13:21:20,500.0,13.2,S
2021-06-23T13:21:19,100.0,13.25,B
2021-06-23T13:21:18,1000.0,13.25,B
2021-06-23T13:21:18,1000.0,13.2,S
2021-06-23T13:21:07,500.0,13.2,S
2021-06-23T13:21:07,500.0,13.25,B
2021-06-23T13:21:06,100.0,13.25,B
2021-06-23T13:20:53,1500.0,13.2,S
2021-06-23T13:20:46,900.0,13.25,B
2021-06-23T13:19:36,1000.0,13.25,B
2021-06-23T13:19:27,200.0,13.2,S
2021-06-23T13:18:14,100.0,13.25,S
2021-06-23T13:17:45,500.0,13.3,B
2021-06-23T13:17:37,4000.0,13.25,S
2021-06-23T13:17:35,500.0,13.25,S
2021-06-23T13:17:23,800.0,13.25,S
2021-06-23T13:17:04,10000.0,13.25,S
2021-06-23T13:17:00,10000.0,13.25,S
2021-06-23T13:16:44,1000.0,13.25,S
2021-06-23T13:16:24,4000.0,13.25,S
2021-06-23T13:16:08,1000.0,13.3,B
2021-06-23T13:15:42,1000.0,13.25,S
2021-06-23T13:15:12,1800.0,13.3,B
2021-06-23T13:14:42,300.0,13.3,B
2021-06-23T13:14:26,1100.0,13.25,S
2021-06-23T13:14:26,2000.0,13.3,B
2021-06-23T13:14:24,500.0,13.25,S
2021-06-23T13:14:06,1400.0,13.3,S
2021-06-23T13:13:52,1600.0,13.3,B
2021-06-23T13:13:52,10000.0,13.3,B
2021-06-23T13:13:52,100.0,13.3,B
2021-06-23T13:13:40,500.0,13.3,B
2021-06-23T13:13:38,2000.0,13.3,B
2021-06-23T13:13:37,500.0,13.3,B
2021-06-23T13:13:33,1000.0,13.3,B
2021-06-23T13:13:27,100.0,13.3,B
2021-06-23T13:13:24,200.0,13.3,B
2021-06-23T13:13:15,3000.0,13.3,B
2021-06-23T13:13:07,300.0,13.3,B
2021-06-23T13:13:07,300.0,13.3,B
2021-06-23T13:13:07,1400.0,13.3,B
2021-06-23T13:13:06,1000.0,13.3,B
2021-06-23T13:13:06,9000.0,13.3,B
2021-06-23T13:13:00,2600.0,13.3,B
2021-06-23T13:12:58,100.0,13.3,B
2021-06-23T13:12:36,1400.0,13.3,B
2021-06-23T13:12:36,700.0,13.3,B
2021-06-23T13:12:36,500.0,13.3,B
2021-06-23T13:12:36,2400.0,13.3,B
2021-06-23T13:12:32,1000.0,13.3,B
2021-06-23T13:12:23,1000.0,13.3,B
2021-06-23T13:12:09,10000.0,13.3,B
2021-06-23T13:12:00,200.0,13.3,B
2021-06-23T13:11:44,1000.0,13.3,B
2021-06-23T13:10:55,200.0,13.3,B
2021-06-23T13:10:33,1900.0,13.25,B
2021-06-23T13:10:28,2000.0,13.25,B
2021-06-23T13:10:22,500.0,13.25,B
2021-06-23T13:10:19,100.0,13.25,B
2021-06-23T13:10:08,100.0,13.25,B
2021-06-23T13:10:05,10000.0,13.25,B
2021-06-23T13:10:00,4000.0,13.25,B
2021-06-23T13:09:57,200.0,13.25,B
2021-06-23T13:09:56,200.0,13.25,B
2021-06-23T13:09:52,1000.0,13.25,B
2021-06-23T13:09:20,500.0,13.25,B
2021-06-23T13:09:14,10000.0,13.25,B
2021-06-23T13:09:03,2000.0,13.25,B
2021-06-23T13:08:55,3800.0,13.25,B
2021-06-23T13:08:55,46200.0,13.25,B
2021-06-23T13:08:49,10000.0,13.25,B
2021-06-23T13:08:44,100.0,13.25,B
2021-06-23T13:08:42,300.0,13.25,B
2021-06-23T13:08:30,200.0,13.25,B
2021-06-23T13:08:00,2000.0,13.25,B
2021-06-23T13:07:49,100.0,13.25,B
2021-06-23T13:07:02,2100.0,13.2,S
2021-06-23T13:06:48,100.0,13.25,B
2021-06-23T13:06:46,10000.0,13.2,S
2021-06-23T13:06:27,200.0,13.25,B
2021-06-23T13:06:22,20000.0,13.25,B
2021-06-23T13:06:09,300.0,13.25,B
2021-06-23T13:06:04,500.0,13.25,B
2021-06-23T13:05:48,1000.0,13.25,B
2021-06-23T13:05:44,400.0,13.25,B
2021-06-23T13:05:34,1000.0,13.25,B
2021-06-23T13:05:28,1000.0,13.25,B
2021-06-23T13:05:28,200.0,13.2,S
2021-06-23T13:05:10,600.0,13.25,S
2021-06-23T13:05:02,5000.0,13.25,S
2021-06-23T13:04:36,400.0,13.25,B
2021-06-23T13:04:26,2000.0,13.2,S
2021-06-23T13:04:11,300.0,13.25,S
2021-06-23T13:03:44,1900.0,13.25,B
2021-06-23T13:03:35,500.0,13.25,B
2021-06-23T13:03:31,600.0,13.25,S
2021-06-23T13:03:26,400.0,13.25,B
2021-06-23T13:03:15,100.0,13.25,B
2021-06-23T13:03:05,5000.0,13.25,B
2021-06-23T13:02:51,600.0,13.25,B
2021-06-23T13:02:15,6000.0,13.25,B
2021-06-23T13:02:01,400.0,13.25,B
2021-06-23T13:01:34,400.0,13.25,B
2021-06-23T13:01:29,3000.0,13.2,S
2021-06-23T13:01:25,100.0,13.25,B
2021-06-23T13:01:11,2000.0,13.25,B
2021-06-23T13:01:03,100.0,13.25,B
2021-06-23T13:00:56,100.0,13.25,B
2021-06-23T13:00:52,10000.0,13.2,S
2021-06-23T13:00:38,2600.0,13.2,S
2021-06-23T13:00:38,400.0,13.25,B
2021-06-23T13:00:38,2000.0,13.25,B
2021-06-23T13:00:34,1000.0,13.25,B
2021-06-23T13:00:34,2000.0,13.25,B
2021-06-23T13:00:28,700.0,13.25,B
2021-06-23T13:00:26,700.0,13.25,B
2021-06-23T13:00:21,200.0,13.25,B
2021-06-23T13:00:19,100.0,13.25,B
2021-06-23T13:00:19,200.0,13.25,B
2021-06-23T13:00:18,1000.0,13.25,B
2021-06-23T13:00:17,200.0,13.25,B
2021-06-23T13:00:14,100.0,13.25,B
2021-06-23T13:00:14,400.0,13.25,B
2021-06-23T13:00:10,2000.0,13.25,B
2021-06-23T13:00:10,700.0,13.25,B
2021-06-23T13:00:10,300.0,13.25,B
2021-06-23T13:00:06,1700.0,13.25,B
2021-06-23T13:00:06,1000.0,13.25,B
2021-06-23T11:29:36,600.0,13.25,B
2021-06-23T11:29:34,300.0,13.25,B
2021-06-23T11:29:33,20000.0,13.25,B
2021-06-23T11:29:32,3900.0,13.2,B
2021-06-23T11:29:06,2700.0,13.2,B
2021-06-23T11:29:01,10000.0,13.15,S
2021-06-23T11:28:32,3000.0,13.2,B
2021-06-23T11:28:26,100.0,13.2,B
2021-06-23T11:28:24,500.0,13.2,B
2021-06-23T11:28:04,400.0,13.2,S
2021-06-23T11:27:58,300.0,13.2,S
2021-06-23T11:27:55,100.0,13.2,S
2021-06-23T11:27:49,3000.0,13.2,S
2021-06-23T11:27:46,100.0,13.25,B
2021-06-23T11:27:42,6800.0,13.25,B
2021-06-23T11:27:14,20000.0,13.1,S
2021-06-23T11:27:07,300.0,13.2,B
2021-06-23T11:26:49,4000.0,13.2,B
2021-06-23T11:26:31,1000.0,13.15,S
2021-06-23T11:26:21,200.0,13.15,S
2021-06-23T11:26:16,300.0,13.2,B
2021-06-23T11:26:15,8000.0,13.2,B
2021-06-23T11:26:15,2000.0,13.15,S
2021-06-23T11:25:53,1300.0,13.15,S
2021-06-23T11:25:51,200.0,13.15,S
2021-06-23T11:25:51,10700.0,13.2,B
2021-06-23T11:25:51,19300.0,13.2,B
2021-06-23T11:25:32,500.0,13.2,B
2021-06-23T11:25:27,10000.0,13.1,S
2021-06-23T11:25:17,13800.0,13.1,S
2021-06-23T11:25:05,7000.0,13.1,S
2021-06-23T11:24:49,8000.0,13.1,S
2021-06-23T11:24:48,3200.0,13.1,S
2021-06-23T11:24:48,3800.0,13.1,S
2021-06-23T11:24:44,4800.0,13.15,S
2021-06-23T11:24:43,200.0,13.2,B
2021-06-23T11:24:33,500.0,13.15,S
2021-06-23T11:24:29,600.0,13.1,S
2021-06-23T11:24:29,100.0,13.1,S
2021-06-23T11:24:29,14300.0,13.1,S
2021-06-23T11:24:11,2400.0,13.2,B
2021-06-23T11:24:10,2600.0,13.2,B
2021-06-23T11:24:04,12000.0,13.1,S
2021-06-23T11:24:03,500.0,13.2,B
2021-06-23T11:23:55,1000.0,13.2,B
2021-06-23T11:23:44,14600.0,13.1,S
2021-06-23T11:23:43,1000.0,13.15,S
2021-06-23T11:23:40,1000.0,13.2,B
2021-06-23T11:23:38,16800.0,13.2,B
2021-06-23T11:23:35,100.0,13.2,B
2021-06-23T11:23:28,10000.0,13.2,B
2021-06-23T11:23:20,200.0,13.2,B
2021-06-23T11:22:53,1000.0,13.2,B
2021-06-23T11:22:42,5000.0,13.2,B
2021-06-23T11:22:35,300.0,13.2,B
2021-06-23T11:22:16,200.0,13.2,B
2021-06-23T11:22:01,5000.0,13.2,B
2021-06-23T11:21:30,5000.0,13.2,B
2021-06-23T11:21:20,5200.0,13.2,B
2021-06-23T11:21:18,4000.0,13.2,B
2021-06-23T11:21:16,100.0,13.2,B
2021-06-23T11:20:58,700.0,13.2,B
2021-06-23T11:20:57,1900.0,13.2,B
2021-06-23T11:20:44,200.0,13.2,B
2021-06-23T11:20:30,1000.0,13.1,S
2021-06-23T11:20:28,200.0,13.1,S
2021-06-23T11:20:20,200.0,13.2,B
2021-06-23T11:20:20,700.0,13.2,B
2021-06-23T11:20:15,4000.0,13.25,B
2021-06-23T11:20:01,17900.0,13.1,S
2021-06-23T11:20:01,3600.0,13.1,S
2021-06-23T11:20:01,7400.0,13.1,S
2021-06-23T11:20:01,3200.0,13.1,S
2021-06-23T11:20:01,2300.0,13.1,S
2021-06-23T11:20:01,15600.0,13.1,S
2021-06-23T11:19:44,1800.0,13.2,B
2021-06-23T11:19:20,400.0,13.2,B
2021-06-23T11:19:15,5600.0,13.2,B
2021-06-23T11:18:50,600.0,13.1,S
2021-06-23T11:18:38,100.0,13.2,S
2021-06-23T11:18:35,200.0,13.15,S
2021-06-23T11:18:30,1000.0,13.2,S
2021-06-23T11:18:15,2500.0,13.1,S
2021-06-23T11:18:15,300.0,13.15,S
2021-06-23T11:18:15,7200.0,13.15,S
2021-06-23T11:18:09,5000.0,13.2,S
2021-06-23T11:18:04,300.0,13.2,S
2021-06-23T11:18:03,300.0,13.15,S
2021-06-23T11:18:03,14700.0,13.15,S
2021-06-23T11:17:57,100.0,13.2,S
2021-06-23T11:17:47,200.0,13.2,S
2021-06-23T11:17:45,1000.0,13.2,S
2021-06-23T11:17:45,100.0,13.15,S
2021-06-23T11:17:43,10000.0,13.15,S
2021-06-23T11:17:38,1000.0,13.2,S
2021-06-23T11:17:34,400.0,13.2,S
2021-06-23T11:17:34,2000.0,13.2,S
2021-06-23T11:17:34,600.0,13.2,S
2021-06-23T11:17:34,2100.0,13.2,S
2021-06-23T11:17:34,700.0,13.2,S
2021-06-23T11:17:34,1500.0,13.2,S
2021-06-23T11:17:34,500.0,13.2,S
2021-06-23T11:17:34,2600.0,13.2,S
2021-06-23T11:17:34,5200.0,13.2,S
2021-06-23T11:17:09,400.0,13.2,S
2021-06-23T11:17:08,400.0,13.2,S
2021-06-23T11:17:07,6600.0,13.2,S
2021-06-23T11:17:03,700.0,13.2,S
2021-06-23T11:16:58,2000.0,13.2,S
2021-06-23T11:16:54,100.0,13.25,B
2021-06-23T11:16:53,2000.0,13.25,B
2021-06-23T11:16:53,1900.0,13.25,B
2021-06-23T11:16:53,100.0,13.25,B
2021-06-23T11:16:45,19700.0,13.25,B
2021-06-23T11:16:42,500.0,13.25,B
2021-06-23T11:16:23,5600.0,13.2,S
2021-06-23T11:16:23,44400.0,13.2,S
2021-06-23T11:16:21,1000.0,13.25,B
2021-06-23T11:16:15,1000.0,13.25,B
2021-06-23T11:16:00,10000.0,13.2,S
2021-06-23T11:15:56,300.0,13.25,B
2021-06-23T11:15:56,1700.0,13.25,B
2021-06-23T11:15:37,5000.0,13.25,B
2021-06-23T11:15:20,5000.0,13.25,B
2021-06-23T11:15:16,300.0,13.25,B
2021-06-23T11:15:06,5000.0,13.25,B
2021-06-23T11:15:00,100.0,13.2,S
2021-06-23T11:14:55,100.0,13.25,B
2021-06-23T11:14:49,5000.0,13.25,B
2021-06-23T11:14:47,2100.0,13.2,S
2021-06-23T11:14:47,10400.0,13.2,S
2021-06-23T11:14:47,100.0,13.2,S
2021-06-23T11:14:46,3400.0,13.2,S
2021-06-23T11:14:45,200.0,13.2,S
2021-06-23T11:14:45,200.0,13.2,S
2021-06-23T11:14:45,2300.0,13.2,S
2021-06-23T11:14:40,1000.0,13.25,B
2021-06-23T11:14:39,100.0,13.2,S
2021-06-23T11:14:35,200.0,13.25,B
2021-06-23T11:14:35,400.0,13.25,B
2021-06-23T11:14:31,200.0,13.25,B
2021-06-23T11:14:30,5000.0,13.25,B
2021-06-23T11:14:25,5000.0,13.25,B
2021-06-23T11:14:14,700.0,13.2,S
2021-06-23T11:14:14,4300.0,13.2,S
2021-06-23T11:14:14,16500.0,13.25,B
2021-06-23T11:14:01,400.0,13.3,B
2021-06-23T11:13:50,900.0,13.25,B
2021-06-23T11:13:35,400.0,13.3,B
2021-06-23T11:13:27,500.0,13.25,B
2021-06-23T11:13:22,100.0,13.25,B
2021-06-23T11:13:17,400.0,13.25,B
2021-06-23T11:13:16,6000.0,13.3,B
2021-06-23T11:13:15,2600.0,13.25,B
2021-06-23T11:13:09,200.0,13.25,B
2021-06-23T11:13:02,2000.0,13.25,B
2021-06-23T11:12:58,1200.0,13.25,B
2021-06-23T11:12:52,2200.0,13.25,S
2021-06-23T11:12:49,100.0,13.3,S
2021-06-23T11:12:49,1000.0,13.25,S
2021-06-23T11:12:43,400.0,13.25,S
2021-06-23T11:12:41,300.0,13.25,S
2021-06-23T11:12:36,5000.0,13.2,S
2021-06-23T11:12:16,2000.0,13.3,S
2021-06-23T11:12:11,300.0,13.3,S
2021-06-23T11:11:55,800.0,13.2,S
2021-06-23T11:11:45,2000.0,13.3,S
2021-06-23T11:11:43,10000.0,13.2,S
2021-06-23T11:11:41,10000.0,13.2,S
2021-06-23T11:11:40,100.0,13.25,S
2021-06-23T11:11:40,400.0,13.25,S
2021-06-23T11:11:40,4000.0,13.25,S
2021-06-23T11:11:36,200.0,13.3,S
2021-06-23T11:11:24,300.0,13.25,S
2021-06-23T11:11:12,3500.0,13.25,S
2021-06-23T11:11:06,800.0,13.25,S
2021-06-23T11:11:03,500.0,13.3,S
2021-06-23T11:10:58,7000.0,13.25,S
2021-06-23T11:10:56,500.0,13.25,S
2021-06-23T11:10:48,1000.0,13.3,S
2021-06-23T11:10:45,100.0,13.3,S
2021-06-23T11:10:40,1800.0,13.25,S
2021-06-23T11:10:28,100.0,13.3,S
2021-06-23T11:10:17,1300.0,13.25,S
2021-06-23T11:10:09,2000.0,13.3,S
2021-06-23T11:10:08,400.0,13.3,S
2021-06-23T11:10:04,700.0,13.25,S
2021-06-23T11:10:03,500.0,13.3,S
2021-06-23T11:10:02,300.0,13.25,S
2021-06-23T11:09:59,100.0,13.3,S
2021-06-23T11:09:58,2000.0,13.3,S
2021-06-23T11:09:55,200.0,13.25,S
2021-06-23T11:09:55,100.0,13.25,S
2021-06-23T11:09:55,100.0,13.25,S
2021-06-23T11:09:55,6600.0,13.25,S
2021-06-23T11:09:54,2300.0,13.25,S
2021-06-23T11:09:53,1500.0,13.3,S
2021-06-23T11:09:53,10000.0,13.25,S
2021-06-23T11:09:49,2900.0,13.3,S
2021-06-23T11:09:46,100.0,13.3,S
2021-06-23T11:09:35,300.0,13.3,S
2021-06-23T11:09:35,200.0,13.3,S
2021-06-23T11:09:34,900.0,13.3,S
2021-06-23T11:09:34,1300.0,13.3,S
2021-06-23T11:09:33,800.0,13.3,S
2021-06-23T11:09:33,1000.0,13.3,S
2021-06-23T11:09:30,300.0,13.3,S
2021-06-23T11:09:24,300.0,13.3,S
2021-06-23T11:09:24,700.0,13.3,S
2021-06-23T11:09:20,500.0,13.3,S
2021-06-23T11:09:17,600.0,13.3,S
2021-06-23T11:09:16,8700.0,13.3,S
2021-06-23T11:09:16,1000.0,13.3,S
2021-06-23T11:09:15,700.0,13.3,S
2021-06-23T11:09:14,300.0,13.3,S
2021-06-23T11:09:13,200.0,13.3,S
2021-06-23T11:09:10,300.0,13.3,S
2021-06-23T11:09:10,1700.0,13.3,S
2021-06-23T11:09:10,1600.0,13.3,S
2021-06-23T11:09:10,2200.0,13.3,S
2021-06-23T11:09:09,1200.0,13.3,S
2021-06-23T11:09:08,13100.0,13.3,S
2021-06-23T11:09:04,800.0,13.3,S
2021-06-23T11:09:04,1000.0,13.3,S
2021-06-23T11:09:04,3700.0,13.3,S
2021-06-23T11:09:04,900.0,13.3,S
2021-06-23T11:09:04,4500.0,13.3,S
2021-06-23T11:08:58,400.0,13.35,S
2021-06-23T11:08:58,100.0,13.35,S
2021-06-23T11:08:56,6100.0,13.3,S
2021-06-23T11:08:56,1200.0,13.3,S
2021-06-23T11:08:48,5000.0,13.3,S
2021-06-23T11:08:43,100.0,13.35,S
2021-06-23T11:08:41,4000.0,13.3,S
2021-06-23T11:08:40,500.0,13.4,B
2021-06-23T11:08:40,400.0,13.3,S
2021-06-23T11:08:33,1500.0,13.3,S
2021-06-23T11:08:29,900.0,13.3,S
2021-06-23T11:08:28,300.0,13.35,S
2021-06-23T11:08:28,700.0,13.35,S
2021-06-23T11:08:28,2300.0,13.35,S
2021-06-23T11:08:28,300.0,13.35,S
2021-06-23T11:08:28,500.0,13.35,S
2021-06-23T11:07:59,9500.0,13.35,S
2021-06-23T11:07:59,900.0,13.35,S
2021-06-23T11:07:59,2000.0,13.35,S
2021-06-23T11:07:58,300.0,13.35,S
2021-06-23T11:07:58,2200.0,13.35,S
2021-06-23T11:07:53,100.0,13.4,B
2021-06-23T11:07:53,6000.0,13.35,S
2021-06-23T11:07:42,5700.0,13.35,S
2021-06-23T11:07:42,200.0,13.4,B
2021-06-23T11:07:34,200.0,13.4,B
2021-06-23T11:07:33,1500.0,13.4,B
2021-06-23T11:07:30,5100.0,13.35,S
2021-06-23T11:07:30,4700.0,13.35,S
2021-06-23T11:07:30,400.0,13.35,S
2021-06-23T11:07:30,5800.0,13.35,S
2021-06-23T11:07:30,4300.0,13.35,S
2021-06-23T11:07:30,1500.0,13.35,S
2021-06-23T11:07:29,4200.0,13.35,S
2021-06-23T11:06:39,100.0,13.4,S
2021-06-23T11:06:02,20000.0,13.4,S
2021-06-23T11:06:02,2200.0,13.4,S
2021-06-23T11:06:02,24800.0,13.4,S
2021-06-23T11:06:02,200.0,13.4,S
2021-06-23T11:06:02,1300.0,13.4,S
2021-06-23T11:06:01,100.0,13.4,S
2021-06-23T11:06:01,100.0,13.4,S
2021-06-23T11:06:01,200.0,13.4,S
2021-06-23T11:06:01,600.0,13.4,S
2021-06-23T11:06:01,1100.0,13.4,S
2021-06-23T11:06:01,1200.0,13.4,S
2021-06-23T11:06:01,1100.0,13.4,S
2021-06-23T11:06:01,200.0,13.4,S
2021-06-23T11:06:01,300.0,13.4,S
2021-06-23T11:06:01,6100.0,13.4,S
2021-06-23T11:06:01,600.0,13.4,S
2021-06-23T11:06:01,5100.0,13.4,S
2021-06-23T11:06:01,600.0,13.4,S
2021-06-23T11:06:01,6700.0,13.4,S
2021-06-23T11:06:01,4000.0,13.4,S
2021-06-23T11:06:01,400.0,13.4,S
2021-06-23T11:06:01,8200.0,13.4,S
2021-06-23T11:06:01,1000.0,13.4,S
2021-06-23T11:06:01,1000.0,13.4,S
2021-06-23T11:06:01,1900.0,13.4,S
2021-06-23T11:06:01,1100.0,13.4,S
2021-06-23T11:06:01,2300.0,13.4,S
2021-06-23T11:06:00,5000.0,13.4,S
2021-06-23T11:06:00,11200.0,13.4,S
2021-06-23T11:06:00,100.0,13.4,S
2021-06-23T11:06:00,2200.0,13.4,S
2021-06-23T11:06:00,6200.0,13.4,S
2021-06-23T11:06:00,1600.0,13.4,S
2021-06-23T11:06:00,400.0,13.4,S
2021-06-23T11:06:00,1100.0,13.4,S
2021-06-23T11:06:00,400.0,13.4,S
2021-06-23T11:06:00,1100.0,13.4,S
2021-06-23T11:06:00,3600.0,13.4,S
2021-06-23T11:06:00,4000.0,13.4,S
2021-06-23T11:06:00,200.0,13.4,S
2021-06-23T11:06:00,500.0,13.4,S
2021-06-23T11:06:00,600.0,13.4,S
2021-06-23T11:06:00,7800.0,13.4,S
2021-06-23T11:06:00,1500.0,13.4,S
2021-06-23T11:06:00,700.0,13.4,S
2021-06-23T11:06:00,2300.0,13.4,S
2021-06-23T11:06:00,1000.0,13.4,S
2021-06-23T11:06:00,1300.0,13.4,S
2021-06-23T11:06:00,5300.0,13.4,S
2021-06-23T11:06:00,1300.0,13.4,S
2021-06-23T11:06:00,26100.0,13.4,S
2021-06-23T11:05:49,1900.0,13.4,S
2021-06-23T11:05:27,7000.0,13.4,S
2021-06-23T11:04:40,1000.0,13.45,B
2021-06-23T11:04:37,100.0,13.45,B
2021-06-23T11:03:58,38800.0,13.45,S
2021-06-23T11:03:42,500.0,13.5,B
2021-06-23T11:03:40,5000.0,13.5,B
2021-06-23T11:03:18,500.0,13.5,B
2021-06-23T11:01:33,100.0,13.5,B
2021-06-23T11:01:18,600.0,13.45,S
2021-06-23T11:01:16,500.0,13.45,S
2021-06-23T11:01:10,100.0,13.5,B
2021-06-23T11:00:29,5000.0,13.45,S
2021-06-23T11:00:09,800.0,13.45,S
2021-06-23T11:00:00,300.0,13.45,S
2021-06-23T10:59:58,5300.0,13.45,B
2021-06-23T10:59:38,3000.0,13.45,B
2021-06-23T10:59:14,4500.0,13.45,B
2021-06-23T10:59:08,2000.0,13.45,B
2021-06-23T10:58:54,100.0,13.45,B
2021-06-23T10:58:53,300.0,13.45,B
2021-06-23T10:58:26,1000.0,13.45,B
2021-06-23T10:58:15,300.0,13.45,B
2021-06-23T10:58:11,100.0,13.45,B
2021-06-23T10:57:47,7000.0,13.45,S
2021-06-23T10:57:28,100.0,13.45,B
2021-06-23T10:57:22,500.0,13.45,B
2021-06-23T10:57:22,4100.0,13.45,B
2021-06-23T10:57:21,20600.0,13.45,B
2021-06-23T10:57:19,400.0,13.45,B
2021-06-23T10:57:15,600.0,13.45,B
2021-06-23T10:57:14,5000.0,13.45,B
2021-06-23T10:57:14,500.0,13.4,S
2021-06-23T10:56:53,100.0,13.45,B
2021-06-23T10:56:52,100.0,13.45,B
2021-06-23T10:56:47,900.0,13.45,B
2021-06-23T10:56:22,100.0,13.45,B
2021-06-23T10:56:18,600.0,13.45,B
2021-06-23T10:56:05,100.0,13.45,B
2021-06-23T10:55:58,200.0,13.45,B
2021-06-23T10:55:35,300.0,13.45,B
2021-06-23T10:55:28,1500.0,13.45,B
2021-06-23T10:55:26,1000.0,13.45,B
2021-06-23T10:55:16,5000.0,13.45,B
2021-06-23T10:54:44,700.0,13.45,B
2021-06-23T10:54:17,100.0,13.45,B
2021-06-23T10:53:58,5000.0,13.45,B
2021-06-23T10:53:52,12000.0,13.45,B
2021-06-23T10:53:01,300.0,13.45,B
2021-06-23T10:52:58,4900.0,13.4,S
2021-06-23T10:52:16,1000.0,13.45,B
2021-06-23T10:51:59,3200.0,13.4,S
2021-06-23T10:51:38,500.0,13.4,S
2021-06-23T10:51:32,100.0,13.45,B
2021-06-23T10:51:08,400.0,13.45,B
2021-06-23T10:51:02,300.0,13.45,B
2021-06-23T10:50:48,300.0,13.45,B
2021-06-23T10:50:38,1000.0,13.45,S
2021-06-23T10:50:38,5000.0,13.45,S
2021-06-23T10:50:33,100.0,13.45,S
2021-06-23T10:50:30,100.0,13.45,S
2021-06-23T10:50:30,1200.0,13.45,S
2021-06-23T10:50:30,200.0,13.45,S
2021-06-23T10:50:30,10200.0,13.45,S
2021-06-23T10:50:27,500.0,13.45,S
2021-06-23T10:50:19,700.0,13.5,B
2021-06-23T10:50:03,200.0,13.45,S
2021-06-23T10:49:59,600.0,13.45,S
2021-06-23T10:49:59,900.0,13.45,S
2021-06-23T10:49:16,20000.0,13.45,S
2021-06-23T10:49:00,15000.0,13.45,S
2021-06-23T10:48:51,200.0,13.5,B
2021-06-23T10:47:36,3000.0,13.5,B
2021-06-23T10:47:34,1000.0,13.5,B
2021-06-23T10:46:42,1000.0,13.5,B
2021-06-23T10:46:35,10000.0,13.45,S
2021-06-23T10:46:32,100.0,13.5,B
2021-06-23T10:46:25,10000.0,13.5,B
2021-06-23T10:46:17,5000.0,13.5,B
2021-06-23T10:45:46,5000.0,13.5,B
2021-06-23T10:44:58,3500.0,13.5,S
2021-06-23T10:44:30,500.0,13.5,B
2021-06-23T10:44:23,500.0,13.5,B
2021-06-23T10:44:21,2500.0,13.5,B
2021-06-23T10:43:57,2000.0,13.5,B
2021-06-23T10:43:43,10500.0,13.5,S
2021-06-23T10:43:07,100.0,13.55,B
2021-06-23T10:42:30,5000.0,13.5,S
2021-06-23T10:41:26,200.0,13.55,B
2021-06-23T10:39:32,100.0,13.55,B
2021-06-23T10:39:03,100.0,13.5,S
2021-06-23T10:39:00,100.0,13.5,S
2021-06-23T10:38:56,400.0,13.5,S
2021-06-23T10:38:33,5000.0,13.5,S
2021-06-23T10:38:26,1500.0,13.5,S
2021-06-23T10:38:02,12000.0,13.5,S
2021-06-23T10:37:55,2000.0,13.5,S
2021-06-23T10:37:33,4000.0,13.5,S
2021-06-23T10:37:23,300.0,13.5,S
2021-06-23T10:37:19,100.0,13.55,B
2021-06-23T10:36:59,18000.0,13.5,B
2021-06-23T10:36:59,13400.0,13.5,B
2021-06-23T10:36:37,2000.0,13.5,B
2021-06-23T10:36:22,3900.0,13.45,S
2021-06-23T10:36:04,2500.0,13.5,B
2021-06-23T10:35:45,4800.0,13.5,B
2021-06-23T10:35:45,5200.0,13.5,B
2021-06-23T10:35:29,300.0,13.5,B
2021-06-23T10:35:28,400.0,13.45,S
2021-06-23T10:35:27,1900.0,13.5,B
2021-06-23T10:35:11,8000.0,13.45,S
2021-06-23T10:34:51,100.0,13.5,B
2021-06-23T10:34:23,900.0,13.45,S
2021-06-23T10:34:14,2000.0,13.45,S
2021-06-23T10:33:12,1000.0,13.45,S
2021-06-23T10:32:41,1000.0,13.5,B
2021-06-23T10:32:20,100.0,13.5,B
2021-06-23T10:32:09,100.0,13.5,B
2021-06-23T10:32:00,2000.0,13.5,B
2021-06-23T10:31:57,2000.0,13.5,B
2021-06-23T10:31:56,2000.0,13.5,B
2021-06-23T10:31:54,3000.0,13.5,B
2021-06-23T10:31:49,1000.0,13.5,B
2021-06-23T10:31:39,10000.0,13.5,B
2021-06-23T10:31:23,600.0,13.5,B
2021-06-23T10:31:17,5000.0,13.5,B
2021-06-23T10:31:13,1000.0,13.5,B
2021-06-23T10:31:06,100.0,13.45,S
2021-06-23T10:30:50,14200.0,13.5,B
2021-06-23T10:30:44,100.0,13.5,B
2021-06-23T10:30:39,5000.0,13.5,B
2021-06-23T10:30:08,1000.0,13.5,B
2021-06-23T10:30:06,500.0,13.45,S
2021-06-23T10:30:05,800.0,13.5,B
2021-06-23T10:30:05,2200.0,13.5,B
2021-06-23T10:29:59,1000.0,13.5,B
2021-06-23T10:29:32,200.0,13.5,B
2021-06-23T10:29:10,200.0,13.5,B
2021-06-23T10:29:01,300.0,13.45,S
2021-06-23T10:28:58,200.0,13.5,B
2021-06-23T10:28:30,1000.0,13.5,B
2021-06-23T10:27:39,1000.0,13.45,S
2021-06-23T10:27:13,4900.0,13.45,S
2021-06-23T10:26:49,1000.0,13.5,B
2021-06-23T10:26:49,1500.0,13.45,S
2021-06-23T10:26:49,2500.0,13.45,S
2021-06-23T10:26:40,100.0,13.5,B
2021-06-23T10:26:20,5200.0,13.45,S
2021-06-23T10:26:20,1000.0,13.45,S
2021-06-23T10:26:20,2500.0,13.45,S
2021-06-23T10:26:20,300.0,13.45,S
2021-06-23T10:26:20,1000.0,13.45,S
2021-06-23T10:26:20,5500.0,13.45,S
2021-06-23T10:26:20,6300.0,13.45,S
2021-06-23T10:26:20,8600.0,13.45,S
2021-06-23T10:26:20,2000.0,13.45,S
2021-06-23T10:26:20,5200.0,13.45,S
2021-06-23T10:26:20,13800.0,13.45,S
2021-06-23T10:26:20,3500.0,13.45,S
2021-06-23T10:26:10,8500.0,13.5,B
2021-06-23T10:26:09,300.0,13.5,B
2021-06-23T10:26:03,2000.0,13.45,S
2021-06-23T10:25:23,300.0,13.5,B
2021-06-23T10:25:22,100.0,13.5,B
2021-06-23T10:24:47,1000.0,13.5,B
2021-06-23T10:24:21,300.0,13.45,S
2021-06-23T10:24:20,4500.0,13.5,S
2021-06-23T10:23:58,600.0,13.5,S
2021-06-23T10:23:57,2100.0,13.5,S
2021-06-23T10:23:55,500.0,13.5,S
2021-06-23T10:23:55,6800.0,13.5,S
2021-06-23T10:23:51,100.0,13.5,S
2021-06-23T10:23:36,900.0,13.5,S
2021-06-23T10:23:24,1900.0,13.5,B
2021-06-23T10:23:05,3100.0,13.5,S
2021-06-23T10:23:04,100.0,13.55,B
2021-06-23T10:22:09,2700.0,13.5,S
2021-06-23T10:21:52,8200.0,13.5,S
2021-06-23T10:21:52,11800.0,13.5,S
2021-06-23T10:21:52,100.0,13.55,B
2021-06-23T10:21:27,800.0,13.5,S
2021-06-23T10:21:27,1200.0,13.5,S
2021-06-23T10:20:46,400.0,13.5,S
2021-06-23T10:20:16,10000.0,13.5,S
2021-06-23T10:18:54,100.0,13.55,B
2021-06-23T10:18:32,400.0,13.55,B
2021-06-23T10:18:32,4100.0,13.55,B
2021-06-23T10:17:54,100.0,13.55,B
2021-06-23T10:17:52,200.0,13.55,B
2021-06-23T10:17:45,1600.0,13.55,S
2021-06-23T10:17:40,1000.0,13.55,S
2021-06-23T10:17:40,1000.0,13.55,S
2021-06-23T10:17:38,1600.0,13.55,S
2021-06-23T10:17:37,500.0,13.55,S
2021-06-23T10:17:35,100.0,13.55,S
2021-06-23T10:17:25,700.0,13.55,B
2021-06-23T10:17:13,1300.0,13.55,B
2021-06-23T10:17:12,2000.0,13.55,B
2021-06-23T10:17:00,800.0,13.5,S
2021-06-23T10:16:59,500.0,13.55,B
2021-06-23T10:16:59,9500.0,13.55,B
2021-06-23T10:16:53,500.0,13.55,B
2021-06-23T10:16:34,500.0,13.55,B
2021-06-23T10:16:25,2000.0,13.55,B
2021-06-23T10:16:18,1000.0,13.5,S
2021-06-23T10:16:09,1000.0,13.55,B
2021-06-23T10:15:36,20000.0,13.55,B
2021-06-23T10:15:04,1000.0,13.55,B
2021-06-23T10:15:03,6000.0,13.55,B
2021-06-23T10:14:58,1000.0,13.5,S
2021-06-23T10:14:53,3000.0,13.55,B
2021-06-23T10:14:18,500.0,13.5,S
2021-06-23T10:14:14,2700.0,13.5,S
2021-06-23T10:14:13,2300.0,13.5,S
2021-06-23T10:13:33,7700.0,13.5,B
2021-06-23T10:13:24,100.0,13.5,B
2021-06-23T10:13:14,3000.0,13.5,S
2021-06-23T10:13:14,6000.0,13.5,S
2021-06-23T10:13:14,200.0,13.5,S
2021-06-23T10:13:14,5000.0,13.5,S
2021-06-23T10:12:25,2000.0,13.5,S
2021-06-23T10:12:12,300.0,13.5,S
2021-06-23T10:12:01,200.0,13.5,S
2021-06-23T10:11:31,10000.0,13.5,S
2021-06-23T10:11:27,1000.0,13.5,S
2021-06-23T10:11:25,5000.0,13.5,S
2021-06-23T10:11:09,100.0,13.5,S
2021-06-23T10:10:16,600.0,13.5,S
2021-06-23T10:10:07,400.0,13.5,S
2021-06-23T10:10:02,300.0,13.5,S
2021-06-23T10:09:59,1300.0,13.5,S
2021-06-23T10:09:18,1000.0,13.5,S
2021-06-23T10:08:56,5500.0,13.5,S
2021-06-23T10:08:54,14500.0,13.5,S
2021-06-23T10:08:15,300.0,13.5,B
2021-06-23T10:08:15,4400.0,13.5,B
2021-06-23T10:08:15,1200.0,13.5,B
2021-06-23T10:08:14,29600.0,13.5,B
2021-06-23T10:08:10,3000.0,13.5,B
2021-06-23T10:08:06,10000.0,13.45,S
2021-06-23T10:07:48,5000.0,13.5,B
2021-06-23T10:07:43,500.0,13.5,B
2021-06-23T10:07:42,20000.0,13.45,S
2021-06-23T10:07:38,100.0,13.5,B
2021-06-23T10:07:26,2000.0,13.5,B
2021-06-23T10:07:13,100.0,13.5,B
2021-06-23T10:07:05,100.0,13.5,B
2021-06-23T10:06:53,1000.0,13.5,B
2021-06-23T10:06:36,5900.0,13.5,B
2021-06-23T10:06:22,10000.0,13.5,B
2021-06-23T10:06:20,1000.0,13.45,S
2021-06-23T10:06:15,100.0,13.45,S
2021-06-23T10:06:12,300.0,13.45,S
2021-06-23T10:06:11,100.0,13.45,S
2021-06-23T10:06:09,1400.0,13.5,B
2021-06-23T10:05:58,200.0,13.5,B
2021-06-23T10:05:32,800.0,13.5,B
2021-06-23T10:04:47,500.0,13.45,S
2021-06-23T10:04:39,2000.0,13.45,S
2021-06-23T10:04:38,300.0,13.5,B
2021-06-23T10:04:12,600.0,13.45,B
2021-06-23T10:04:12,1500.0,13.45,B
2021-06-23T10:04:09,5000.0,13.45,B
2021-06-23T10:04:05,2000.0,13.4,S
2021-06-23T10:04:05,900.0,13.4,S
2021-06-23T10:04:05,2200.0,13.4,S
2021-06-23T10:04:04,3000.0,13.4,S
2021-06-23T10:04:04,300.0,13.4,S
2021-06-23T10:04:04,1600.0,13.4,S
2021-06-23T10:04:01,100.0,13.45,B
2021-06-23T10:03:56,2000.0,13.45,B
2021-06-23T10:03:46,1000.0,13.45,B
2021-06-23T10:03:35,1200.0,13.45,B
2021-06-23T10:03:33,700.0,13.45,B
2021-06-23T10:03:30,100.0,13.45,B
2021-06-23T10:03:25,200.0,13.45,B
2021-06-23T10:03:02,3000.0,13.45,B
2021-06-23T10:03:01,5000.0,13.45,B
2021-06-23T10:03:00,100.0,13.45,B
2021-06-23T10:02:47,2000.0,13.45,B
2021-06-23T10:02:41,1000.0,13.45,B
2021-06-23T10:02:35,1000.0,13.45,B
2021-06-23T10:02:35,800.0,13.45,S
2021-06-23T10:02:34,6400.0,13.45,S
2021-06-23T10:02:09,1000.0,13.45,S
2021-06-23T10:02:03,400.0,13.45,B
2021-06-23T10:02:00,100.0,13.45,B
2021-06-23T10:01:42,4000.0,13.45,S
2021-06-23T10:01:34,2000.0,13.45,S
2021-06-23T10:01:31,100.0,13.45,S
2021-06-23T10:01:06,400.0,13.45,S
2021-06-23T10:01:01,600.0,13.45,S
2021-06-23T10:00:54,2000.0,13.5,B
2021-06-23T10:00:39,5000.0,13.45,S
2021-06-23T10:00:37,800.0,13.4,S
2021-06-23T10:00:37,100.0,13.4,S
2021-06-23T10:00:37,7600.0,13.4,S
2021-06-23T10:00:37,2200.0,13.4,S
2021-06-23T10:00:36,6400.0,13.45,S
2021-06-23T10:00:36,700.0,13.45,S
2021-06-23T10:00:36,600.0,13.45,S
2021-06-23T10:00:36,2700.0,13.45,S
2021-06-23T10:00:36,10800.0,13.45,S
2021-06-23T10:00:36,1200.0,13.45,S
2021-06-23T10:00:36,300.0,13.45,S
2021-06-23T10:00:36,1600.0,13.45,S
2021-06-23T10:00:29,500.0,13.45,S
2021-06-23T10:00:25,2000.0,13.45,S
2021-06-23T10:00:25,500.0,13.5,B
2021-06-23T10:00:10,5000.0,13.45,S
2021-06-23T10:00:05,100.0,13.45,S
2021-06-23T09:59:57,400.0,13.45,S
2021-06-23T09:59:53,10000.0,13.45,S
2021-06-23T09:59:48,2400.0,13.45,S
2021-06-23T09:59:48,500.0,13.45,S
2021-06-23T09:59:37,4900.0,13.45,S
2021-06-23T09:59:37,6400.0,13.45,S
2021-06-23T09:59:37,2600.0,13.45,S
2021-06-23T09:59:37,700.0,13.45,S
2021-06-23T09:59:37,3500.0,13.45,S
2021-06-23T09:59:37,15000.0,13.45,S
2021-06-23T09:59:35,16900.0,13.45,S
2021-06-23T09:59:27,2000.0,13.45,S
2021-06-23T09:59:22,300.0,13.45,S
2021-06-23T09:59:00,400.0,13.5,B
2021-06-23T09:58:57,100.0,13.5,B
2021-06-23T09:58:39,500.0,13.45,S
2021-06-23T09:58:36,100.0,13.45,S
2021-06-23T09:58:22,2000.0,13.45,S
2021-06-23T09:58:17,10000.0,13.5,B
2021-06-23T09:58:11,3400.0,13.5,B
2021-06-23T09:58:11,6600.0,13.5,B
2021-06-23T09:57:59,100.0,13.5,B
2021-06-23T09:57:31,100.0,13.5,B
2021-06-23T09:57:28,200.0,13.5,B
2021-06-23T09:57:28,1000.0,13.45,S
2021-06-23T09:57:26,100.0,13.5,B
2021-06-23T09:57:14,5000.0,13.5,B
2021-06-23T09:56:38,100.0,13.5,B
2021-06-23T09:56:23,3800.0,13.5,S
2021-06-23T09:56:20,8700.0,13.5,S
2021-06-23T09:56:19,100.0,13.55,B
2021-06-23T09:56:00,4000.0,13.5,S
2021-06-23T09:55:31,500.0,13.55,B
2021-06-23T09:55:11,300.0,13.5,S
2021-06-23T09:55:02,4000.0,13.5,S
2021-06-23T09:54:39,200.0,13.5,S
2021-06-23T09:54:36,500.0,13.5,S
2021-06-23T09:54:36,15500.0,13.5,S
2021-06-23T09:54:21,800.0,13.5,S
2021-06-23T09:54:13,4700.0,13.5,S
2021-06-23T09:54:13,15300.0,13.5,S
2021-06-23T09:54:06,5000.0,13.5,S
2021-06-23T09:53:52,800.0,13.5,S
2021-06-23T09:53:35,200.0,13.55,B
2021-06-23T09:53:07,1000.0,13.55,B
2021-06-23T09:52:51,1000.0,13.5,S
2021-06-23T09:52:44,2000.0,13.5,S
2021-06-23T09:52:43,300.0,13.5,S
2021-06-23T09:52:36,2600.0,13.5,B
2021-06-23T09:52:29,10000.0,13.5,B
2021-06-23T09:52:23,2000.0,13.5,B
2021-06-23T09:52:16,500.0,13.5,B
2021-06-23T09:52:13,500.0,13.5,B
2021-06-23T09:52:11,1000.0,13.5,B
2021-06-23T09:51:29,1000.0,13.5,B
2021-06-23T09:51:22,500.0,13.5,B
2021-06-23T09:51:18,300.0,13.45,S
2021-06-23T09:51:15,100.0,13.5,B
2021-06-23T09:51:11,4000.0,13.45,S
2021-06-23T09:50:57,2500.0,13.5,S
2021-06-23T09:50:47,2000.0,13.5,S
2021-06-23T09:50:41,1000.0,13.55,B
2021-06-23T09:50:36,1500.0,13.5,S
2021-06-23T09:50:24,400.0,13.5,S
2021-06-23T09:50:06,4000.0,13.5,S
2021-06-23T09:50:02,3200.0,13.5,S
2021-06-23T09:49:53,100.0,13.5,S
2021-06-23T09:49:41,1100.0,13.5,S
2021-06-23T09:49:38,1000.0,13.5,S
2021-06-23T09:49:30,100.0,13.5,S
2021-06-23T09:49:27,2300.0,13.5,S
2021-06-23T09:49:24,400.0,13.5,S
2021-06-23T09:49:04,13100.0,13.5,B
2021-06-23T09:49:00,6100.0,13.5,B
2021-06-23T09:48:43,500.0,13.5,B
2021-06-23T09:48:41,400.0,13.5,B
2021-06-23T09:48:38,5000.0,13.45,S
2021-06-23T09:48:37,13000.0,13.5,B
2021-06-23T09:48:37,1700.0,13.5,B
2021-06-23T09:48:36,15300.0,13.5,B
2021-06-23T09:48:27,2000.0,13.5,B
2021-06-23T09:48:21,1000.0,13.5,B
2021-06-23T09:48:14,1700.0,13.45,S
2021-06-23T09:48:10,800.0,13.45,S
2021-06-23T09:48:09,2200.0,13.45,S
2021-06-23T09:48:07,1000.0,13.45,S
2021-06-23T09:47:41,500.0,13.45,S
2021-06-23T09:47:39,5000.0,13.5,B
2021-06-23T09:47:32,5000.0,13.45,S
2021-06-23T09:47:31,3800.0,13.5,B
2021-06-23T09:47:19,200.0,13.5,B
2021-06-23T09:47:08,400.0,13.45,S
2021-06-23T09:46:59,3900.0,13.5,B
2021-06-23T09:46:58,100.0,13.5,B
2021-06-23T09:46:54,1000.0,13.5,B
2021-06-23T09:46:44,300.0,13.5,S
2021-06-23T09:46:44,500.0,13.45,S
2021-06-23T09:46:37,1600.0,13.45,S
2021-06-23T09:46:37,100.0,13.45,S
2021-06-23T09:46:37,1000.0,13.45,S
2021-06-23T09:46:37,1300.0,13.45,S
2021-06-23T09:46:37,200.0,13.45,S
2021-06-23T09:46:37,200.0,13.45,S
2021-06-23T09:46:37,1100.0,13.45,S
2021-06-23T09:46:37,3200.0,13.45,S
2021-06-23T09:46:37,1400.0,13.45,S
2021-06-23T09:46:37,1000.0,13.45,S
2021-06-23T09:46:37,100.0,13.45,S
2021-06-23T09:46:37,4800.0,13.45,S
2021-06-23T09:46:37,1800.0,13.45,S
2021-06-23T09:46:36,200.0,13.45,S
2021-06-23T09:46:36,800.0,13.45,S
2021-06-23T09:46:36,1700.0,13.45,S
2021-06-23T09:46:36,1900.0,13.45,S
2021-06-23T09:46:36,500.0,13.45,S
2021-06-23T09:46:36,1500.0,13.45,S
2021-06-23T09:46:36,400.0,13.45,S
2021-06-23T09:46:36,600.0,13.45,S
2021-06-23T09:46:36,200.0,13.45,S
2021-06-23T09:46:35,3300.0,13.45,S
2021-06-23T09:46:35,1700.0,13.45,S
2021-06-23T09:46:35,2400.0,13.45,S
2021-06-23T09:46:35,200.0,13.45,S
2021-06-23T09:46:35,500.0,13.45,S
2021-06-23T09:46:35,1500.0,13.45,S
2021-06-23T09:46:34,1200.0,13.45,S
2021-06-23T09:46:34,2800.0,13.45,S
2021-06-23T09:46:34,200.0,13.45,S
2021-06-23T09:46:34,4200.0,13.5,S
2021-06-23T09:46:33,800.0,13.45,S
2021-06-23T09:46:33,700.0,13.45,S
2021-06-23T09:46:33,1000.0,13.45,S
2021-06-23T09:46:33,600.0,13.45,S
2021-06-23T09:46:33,500.0,13.45,S
2021-06-23T09:46:33,2600.0,13.45,S
2021-06-23T09:46:33,200.0,13.5,S
2021-06-23T09:46:33,100.0,13.5,S
2021-06-23T09:46:33,100.0,13.5,S
2021-06-23T09:46:33,300.0,13.5,S
2021-06-23T09:46:33,900.0,13.5,S
2021-06-23T09:46:33,3200.0,13.5,S
2021-06-23T09:46:33,800.0,13.5,S
2021-06-23T09:46:33,500.0,13.5,S
2021-06-23T09:46:33,100.0,13.5,S
2021-06-23T09:46:33,400.0,13.5,S
2021-06-23T09:46:32,1800.0,13.5,S
2021-06-23T09:46:32,200.0,13.5,S
2021-06-23T09:46:32,4000.0,13.5,S
2021-06-23T09:46:32,2100.0,13.5,S
2021-06-23T09:46:31,700.0,13.5,S
2021-06-23T09:46:31,200.0,13.5,S
2021-06-23T09:46:31,300.0,13.5,S
2021-06-23T09:46:30,100.0,13.5,S
2021-06-23T09:46:30,100.0,13.5,S
2021-06-23T09:46:30,1500.0,13.5,S
2021-06-23T09:46:30,200.0,13.5,S
2021-06-23T09:46:30,1500.0,13.5,S
2021-06-23T09:46:28,9100.0,13.55,B
2021-06-23T09:46:24,200.0,13.5,S
2021-06-23T09:46:24,900.0,13.5,S
2021-06-23T09:46:24,100.0,13.5,S
2021-06-23T09:46:24,100.0,13.5,S
2021-06-23T09:46:23,1200.0,13.5,S
2021-06-23T09:46:23,100.0,13.5,S
2021-06-23T09:46:23,700.0,13.5,S
2021-06-23T09:46:23,100.0,13.5,S
2021-06-23T09:46:22,600.0,13.5,S
2021-06-23T09:46:21,400.0,13.5,S
2021-06-23T09:46:21,100.0,13.5,S
2021-06-23T09:46:20,300.0,13.5,S
2021-06-23T09:46:20,100.0,13.5,S
2021-06-23T09:46:20,200.0,13.5,S
2021-06-23T09:46:20,100.0,13.5,S
2021-06-23T09:46:20,100.0,13.5,S
2021-06-23T09:46:20,600.0,13.5,S
2021-06-23T09:46:20,100.0,13.5,S
2021-06-23T09:46:20,100.0,13.5,S
2021-06-23T09:46:17,1000.0,13.55,B
2021-06-23T09:46:15,200.0,13.5,S
2021-06-23T09:46:12,300.0,13.5,S
2021-06-23T09:46:11,3800.0,13.5,S
2021-06-23T09:46:11,1200.0,13.5,S
2021-06-23T09:46:08,200.0,13.5,S
2021-06-23T09:46:08,100.0,13.5,S
2021-06-23T09:46:07,200.0,13.5,S
2021-06-23T09:46:07,200.0,13.55,B
2021-06-23T09:46:05,200.0,13.5,S
2021-06-23T09:45:59,10000.0,13.5,S
2021-06-23T09:45:41,2000.0,13.5,S
2021-06-23T09:45:38,5000.0,13.5,S
2021-06-23T09:45:13,1100.0,13.5,S
2021-06-23T09:45:12,5000.0,13.5,S
2021-06-23T09:44:59,2000.0,13.5,S
2021-06-23T09:44:51,100.0,13.5,S
2021-06-23T09:44:48,500.0,13.5,S
2021-06-23T09:44:44,1000.0,13.5,S
2021-06-23T09:44:30,5000.0,13.5,S
2021-06-23T09:43:47,100.0,13.5,S
2021-06-23T09:43:47,1000.0,13.5,S
2021-06-23T09:43:47,9000.0,13.55,B
2021-06-23T09:43:46,1000.0,13.55,B
2021-06-23T09:43:34,1000.0,13.55,S
2021-06-23T09:43:34,3200.0,13.55,S
2021-06-23T09:43:34,3200.0,13.55,S
2021-06-23T09:43:34,700.0,13.55,S
2021-06-23T09:43:30,100.0,13.55,S
2021-06-23T09:43:11,1000.0,13.55,S
2021-06-23T09:43:08,5300.0,13.55,S
2021-06-23T09:43:08,1200.0,13.55,S
2021-06-23T09:43:08,7300.0,13.55,S
2021-06-23T09:43:08,1500.0,13.55,S
2021-06-23T09:42:49,2500.0,13.55,S
2021-06-23T09:42:43,200.0,13.55,S
2021-06-23T09:42:38,500.0,13.55,S
2021-06-23T09:42:25,200.0,13.6,B
2021-06-23T09:41:51,1000.0,13.55,S
2021-06-23T09:41:22,1400.0,13.55,S
2021-06-23T09:41:15,2000.0,13.55,S
2021-06-23T09:41:14,300.0,13.55,S
2021-06-23T09:40:56,1000.0,13.55,B
2021-06-23T09:40:52,1000.0,13.55,B
2021-06-23T09:40:28,1300.0,13.55,B
2021-06-23T09:40:26,1000.0,13.55,B
2021-06-23T09:40:22,20000.0,13.5,S
2021-06-23T09:40:08,200.0,13.5,S
2021-06-23T09:40:01,9000.0,13.5,S
2021-06-23T09:40:00,30000.0,13.55,B
2021-06-23T09:39:58,1000.0,13.5,S
2021-06-23T09:39:43,300.0,13.55,B
2021-06-23T09:39:40,1000.0,13.5,S
2021-06-23T09:39:36,1000.0,13.5,S
2021-06-23T09:39:29,100.0,13.5,S
2021-06-23T09:39:20,100.0,13.55,S
2021-06-23T09:39:11,6300.0,13.55,S
2021-06-23T09:38:56,3500.0,13.55,S
2021-06-23T09:38:56,2300.0,13.55,S
2021-06-23T09:38:56,2000.0,13.55,S
2021-06-23T09:38:55,5000.0,13.6,B
2021-06-23T09:38:45,1000.0,13.55,S
2021-06-23T09:38:43,1000.0,13.6,B
2021-06-23T09:38:41,2000.0,13.55,S
2021-06-23T09:38:27,7700.0,13.55,S
2021-06-23T09:38:27,3000.0,13.55,S
2021-06-23T09:38:27,9200.0,13.55,S
2021-06-23T09:38:20,300.0,13.55,S
2021-06-23T09:37:56,300.0,13.55,S
2021-06-23T09:37:50,11900.0,13.55,S
2021-06-23T09:37:39,1000.0,13.55,S
2021-06-23T09:37:21,300.0,13.55,S
2021-06-23T09:36:55,200.0,13.6,B
2021-06-23T09:36:52,500.0,13.6,B
2021-06-23T09:36:49,700.0,13.55,S
2021-06-23T09:36:47,200.0,13.6,B
2021-06-23T09:36:47,800.0,13.6,B
2021-06-23T09:35:45,800.0,13.6,B
2021-06-23T09:35:30,200.0,13.6,B
2021-06-23T09:35:17,1000.0,13.6,B
2021-06-23T09:35:06,600.0,13.55,S
2021-06-23T09:34:56,100.0,13.6,B
2021-06-23T09:34:07,2000.0,13.6,S
2021-06-23T09:34:06,3000.0,13.6,S
2021-06-23T09:34:03,5000.0,13.6,S
2021-06-23T09:33:42,1000.0,13.6,S
2021-06-23T09:33:40,400.0,13.6,S
2021-06-23T09:33:30,36300.0,13.6,S
2021-06-23T09:33:22,500.0,13.6,B
2021-06-23T09:33:00,5000.0,13.6,B
2021-06-23T09:32:42,500.0,13.6,B
2021-06-23T09:32:23,1000.0,13.6,B
2021-06-23T09:32:18,200.0,13.6,B
2021-06-23T09:32:15,300.0,13.6,B
2021-06-23T09:31:58,5000.0,13.6,B
2021-06-23T09:31:35,2000.0,13.6,B
2021-06-23T09:31:31,3800.0,13.6,B
2021-06-23T09:31:25,3400.0,13.6,B
2021-06-23T09:31:25,3600.0,13.6,B
2021-06-23T09:31:22,200.0,13.6,B
2021-06-23T09:30:52,10000.0,13.6,B
2021-06-23T09:30:40,10400.0,13.6,B
2021-06-23T09:30:36,200.0,13.6,B
2021-06-23T09:30:29,700.0,13.55,S
2021-06-23T09:30:19,1200.0,13.55,S
2021-06-23T09:30:07,200.0,13.6,B
2021-06-23T09:30:00,1000.0,13.55,S
2021-06-23T09:29:52,500.0,13.55,S
2021-06-23T09:29:45,1200.0,13.55,S
2021-06-23T09:29:33,1000.0,13.55,S
2021-06-23T09:29:28,100.0,13.6,S
2021-06-23T09:29:16,300.0,13.55,S
2021-06-23T09:29:10,100.0,13.6,S
2021-06-23T09:29:00,1500.0,13.55,S
2021-06-23T09:29:00,500.0,13.55,S
2021-06-23T09:28:49,11500.0,13.6,S
2021-06-23T09:28:49,300.0,13.6,S
2021-06-23T09:28:49,2700.0,13.6,S
2021-06-23T09:28:49,1100.0,13.6,S
2021-06-23T09:28:48,10400.0,13.6,S
2021-06-23T09:28:29,1000.0,13.65,B
2021-06-23T09:28:29,100.0,13.65,B
2021-06-23T09:28:00,1000.0,13.65,S
2021-06-23T09:27:55,1000.0,13.65,S
2021-06-23T09:27:13,400.0,13.65,S
2021-06-23T09:26:58,200.0,13.65,S
2021-06-23T09:26:40,200.0,13.65,S
2021-06-23T09:25:53,1400.0,13.65,B
2021-06-23T09:25:23,100.0,13.65,B
2021-06-23T09:25:22,1900.0,13.6,S
2021-06-23T09:25:22,13100.0,13.6,S
2021-06-23T09:25:20,8100.0,13.65,B
2021-06-23T09:25:20,1000.0,13.65,B
2021-06-23T09:25:14,500.0,13.6,S
2021-06-23T09:25:09,1000.0,13.65,B
2021-06-23T09:25:05,2000.0,13.6,S
2021-06-23T09:24:41,1000.0,13.6,S
2021-06-23T09:24:30,2000.0,13.65,B
2021-06-23T09:24:13,100.0,13.65,B
2021-06-23T09:23:47,17500.0,13.65,B
2021-06-23T09:23:28,1200.0,13.65,B
2021-06-23T09:23:23,500.0,13.65,B
2021-06-23T09:22:48,200.0,13.65,B
2021-06-23T09:22:35,2200.0,13.6,S
2021-06-23T09:22:27,100.0,13.6,S
2021-06-23T09:22:23,4000.0,13.65,B
2021-06-23T09:22:16,1000.0,13.6,S
2021-06-23T09:22:10,2000.0,13.6,S
2021-06-23T09:22:05,1000.0,13.6,S
2021-06-23T09:22:00,1000.0,13.6,S
2021-06-23T09:21:26,1000.0,13.65,S
2021-06-23T09:21:09,2200.0,13.65,S
2021-06-23T09:20:50,17400.0,13.65,S
2021-06-23T09:20:50,2600.0,13.65,S
2021-06-23T09:20:47,300.0,13.7,S
2021-06-23T09:20:34,17300.0,13.7,S
2021-06-23T09:20:34,700.0,13.7,S
2021-06-23T09:20:34,1000.0,13.7,S
2021-06-23T09:20:34,1000.0,13.7,S
2021-06-23T09:19:33,1000.0,13.75,S
2021-06-23T09:18:24,1000.0,13.8,B
2021-06-23T09:17:29,200.0,13.8,B
2021-06-23T09:17:25,100.0,13.7,S
2021-06-23T09:17:25,1000.0,13.8,B
2021-06-23T09:17:07,200.0,13.8,B
2021-06-23T09:16:45,500.0,13.7,S
2021-06-23T09:16:24,4000.0,13.7,S
2021-06-23T09:16:22,2500.0,13.7,S
2021-06-23T09:16:16,100.0,13.7,S
2021-06-23T09:15:44,1800.0,13.8,B
2021-06-23T09:15:31,700.0,13.8,B
2021-06-23T09:15:31,700.0,13.8,B
