tradingTime,volume,price,side
2021-06-23T14:22:00,2000.0,7.33,B
2021-06-23T14:21:20,10000.0,7.33,B
2021-06-23T14:21:16,1800.0,7.33,B
2021-06-23T14:21:00,1100.0,7.32,S
2021-06-23T14:21:00,1000.0,7.32,S
2021-06-23T14:21:00,1900.0,7.32,S
2021-06-23T14:21:00,4700.0,7.32,S
2021-06-23T14:20:48,1000.0,7.33,B
2021-06-23T14:20:45,100.0,7.33,B
2021-06-23T14:20:43,2100.0,7.33,B
2021-06-23T14:20:42,500.0,7.32,S
2021-06-23T14:20:40,2000.0,7.33,B
2021-06-23T14:20:13,900.0,7.33,B
2021-06-23T14:19:38,100.0,7.32,S
2021-06-23T14:19:27,1000.0,7.33,B
2021-06-23T14:19:16,1000.0,7.33,B
2021-06-23T14:19:11,900.0,7.33,B
2021-06-23T14:18:51,100.0,7.32,S
2021-06-23T14:18:08,7000.0,7.34,B
2021-06-23T14:18:00,100.0,7.32,S
2021-06-23T14:17:45,2000.0,7.34,B
2021-06-23T14:16:19,200.0,7.31,S
2021-06-23T14:16:17,100.0,7.32,B
2021-06-23T14:16:16,100.0,7.32,B
2021-06-23T14:16:03,5000.0,7.32,B
2021-06-23T14:15:59,25000.0,7.32,B
2021-06-23T14:15:24,100.0,7.32,B
2021-06-23T14:15:22,300.0,7.32,B
2021-06-23T14:15:04,2000.0,7.32,B
2021-06-23T14:15:01,2000.0,7.32,B
2021-06-23T14:14:51,600.0,7.32,S
2021-06-23T14:14:51,1000.0,7.32,S
2021-06-23T14:14:51,900.0,7.32,S
2021-06-23T14:14:43,300.0,7.35,B
2021-06-23T14:14:16,4100.0,7.32,S
2021-06-23T14:14:16,11300.0,7.32,S
2021-06-23T14:14:16,700.0,7.32,S
2021-06-23T14:14:16,16900.0,7.32,S
2021-06-23T14:14:09,1000.0,7.34,S
2021-06-23T14:14:09,4400.0,7.34,B
2021-06-23T14:14:00,5000.0,7.34,B
2021-06-23T14:13:56,2400.0,7.34,B
2021-06-23T14:13:54,300.0,7.34,B
2021-06-23T14:13:12,4400.0,7.34,B
2021-06-23T14:10:58,100.0,7.33,B
2021-06-23T14:10:55,100.0,7.33,B
2021-06-23T14:10:50,1800.0,7.33,S
2021-06-23T14:10:46,5000.0,7.33,S
2021-06-23T14:10:16,200.0,7.33,B
2021-06-23T14:10:00,2500.0,7.33,B
2021-06-23T14:09:36,100.0,7.33,B
2021-06-23T14:09:19,100.0,7.33,B
2021-06-23T14:09:02,100.0,7.33,B
2021-06-23T14:07:51,500.0,7.34,B
2021-06-23T14:07:12,2100.0,7.34,B
2021-06-23T14:07:05,100.0,7.32,B
2021-06-23T14:06:44,1000.0,7.31,B
2021-06-23T14:06:34,3000.0,7.31,B
2021-06-23T14:06:31,500.0,7.31,B
2021-06-23T14:06:28,1000.0,7.31,B
2021-06-23T14:06:28,5000.0,7.31,B
2021-06-23T14:06:22,1800.0,7.31,B
2021-06-23T14:06:14,1000.0,7.31,B
2021-06-23T14:06:11,2000.0,7.31,B
2021-06-23T14:06:07,1200.0,7.31,B
2021-06-23T14:06:00,3500.0,7.31,B
2021-06-23T14:05:59,17500.0,7.31,B
2021-06-23T14:05:51,1500.0,7.31,B
2021-06-23T14:05:13,200.0,7.31,S
2021-06-23T14:05:13,1000.0,7.31,S
2021-06-23T14:05:13,19800.0,7.31,S
2021-06-23T14:04:50,8500.0,7.32,B
2021-06-23T14:04:45,13000.0,7.32,B
2021-06-23T14:04:23,100.0,7.32,B
2021-06-23T14:04:16,4000.0,7.31,S
2021-06-23T14:03:59,300.0,7.31,S
2021-06-23T14:03:59,10500.0,7.31,S
2021-06-23T14:03:42,1000.0,7.32,B
2021-06-23T14:03:36,3000.0,7.31,S
2021-06-23T14:03:26,2000.0,7.32,B
2021-06-23T14:03:24,100.0,7.32,B
2021-06-23T14:03:23,1000.0,7.31,S
2021-06-23T14:03:19,15000.0,7.32,B
2021-06-23T14:03:01,5400.0,7.31,S
2021-06-23T14:03:01,4600.0,7.31,S
2021-06-23T14:02:46,5000.0,7.31,S
2021-06-23T14:02:35,6400.0,7.31,S
2021-06-23T14:01:58,100.0,7.32,B
2021-06-23T14:01:51,10000.0,7.32,B
2021-06-23T14:01:49,100.0,7.32,B
2021-06-23T14:01:40,100.0,7.32,B
2021-06-23T14:01:14,500.0,7.32,B
2021-06-23T14:01:03,4000.0,7.32,S
2021-06-23T14:01:03,1000.0,7.32,S
2021-06-23T14:01:03,10400.0,7.32,S
2021-06-23T14:01:03,1900.0,7.32,S
2021-06-23T14:01:03,1500.0,7.32,S
2021-06-23T14:01:03,5900.0,7.33,S
2021-06-23T14:01:03,1800.0,7.33,S
2021-06-23T14:01:03,1400.0,7.33,S
2021-06-23T14:01:03,1500.0,7.33,S
2021-06-23T14:01:01,200.0,7.33,S
2021-06-23T14:00:59,3000.0,7.33,S
2021-06-23T14:00:48,400.0,7.33,S
2021-06-23T14:00:32,100.0,7.34,B
2021-06-23T14:00:26,500.0,7.33,S
2021-06-23T14:00:24,2000.0,7.33,S
2021-06-23T13:59:50,1900.0,7.33,S
2021-06-23T13:59:42,3700.0,7.33,S
2021-06-23T13:59:09,800.0,7.34,B
2021-06-23T13:59:06,6200.0,7.34,B
2021-06-23T13:58:40,6800.0,7.34,B
2021-06-23T13:58:30,3000.0,7.33,S
2021-06-23T13:58:25,200.0,7.34,B
2021-06-23T13:58:02,100.0,7.34,B
2021-06-23T13:57:59,200.0,7.34,S
2021-06-23T13:57:57,500.0,7.34,S
2021-06-23T13:57:55,7400.0,7.34,S
2021-06-23T13:57:38,2000.0,7.34,S
2021-06-23T13:57:31,500.0,7.35,B
2021-06-23T13:57:31,500.0,7.35,B
2021-06-23T13:57:18,15800.0,7.34,S
2021-06-23T13:57:09,5600.0,7.35,B
2021-06-23T13:56:54,400.0,7.35,S
2021-06-23T13:56:47,2000.0,7.35,S
2021-06-23T13:56:44,2000.0,7.35,S
2021-06-23T13:56:42,100.0,7.35,S
2021-06-23T13:56:23,100.0,7.35,S
2021-06-23T13:56:23,1000.0,7.35,S
2021-06-23T13:56:20,3300.0,7.35,S
2021-06-23T13:56:00,500.0,7.36,B
2021-06-23T13:55:49,2600.0,7.35,S
2021-06-23T13:55:18,300.0,7.36,B
2021-06-23T13:54:52,200.0,7.36,B
2021-06-23T13:54:47,3300.0,7.35,S
2021-06-23T13:54:47,1700.0,7.35,S
2021-06-23T13:54:24,5000.0,7.35,S
2021-06-23T13:54:20,5200.0,7.35,B
2021-06-23T13:54:14,200.0,7.35,B
2021-06-23T13:54:07,100.0,7.35,B
2021-06-23T13:53:55,300.0,7.35,B
2021-06-23T13:53:48,100.0,7.35,B
2021-06-23T13:53:23,1000.0,7.34,S
2021-06-23T13:53:20,500.0,7.35,B
2021-06-23T13:52:44,6000.0,7.34,S
2021-06-23T13:52:33,600.0,7.35,B
2021-06-23T13:52:32,300.0,7.34,S
2021-06-23T13:52:06,60000.0,7.34,B
2021-06-23T13:51:58,5000.0,7.33,S
2021-06-23T13:50:47,1000.0,7.33,S
2021-06-23T13:50:26,1300.0,7.33,S
2021-06-23T13:50:26,2600.0,7.33,S
2021-06-23T13:50:25,11100.0,7.33,S
2021-06-23T13:50:04,100.0,7.34,B
2021-06-23T13:50:02,1000.0,7.34,B
2021-06-23T13:49:26,1000.0,7.34,B
2021-06-23T13:49:02,2000.0,7.34,S
2021-06-23T13:49:02,30600.0,7.34,S
2021-06-23T13:49:02,1300.0,7.35,S
2021-06-23T13:49:00,8300.0,7.35,S
2021-06-23T13:47:48,5000.0,7.36,S
2021-06-23T13:47:39,200.0,7.37,B
2021-06-23T13:47:35,500.0,7.37,B
2021-06-23T13:46:40,200.0,7.37,B
2021-06-23T13:46:34,800.0,7.37,B
2021-06-23T13:46:33,200.0,7.36,S
2021-06-23T13:46:11,100.0,7.37,S
2021-06-23T13:45:44,300.0,7.37,S
2021-06-23T13:45:38,10000.0,7.38,B
2021-06-23T13:45:19,200.0,7.37,B
2021-06-23T13:45:16,300.0,7.37,S
2021-06-23T13:45:04,1400.0,7.37,S
2021-06-23T13:44:49,300.0,7.37,B
2021-06-23T13:44:40,200.0,7.37,B
2021-06-23T13:44:34,500.0,7.37,B
2021-06-23T13:44:32,800.0,7.37,B
2021-06-23T13:44:28,20000.0,7.37,B
2021-06-23T13:44:16,1000.0,7.37,B
2021-06-23T13:43:57,100.0,7.37,B
2021-06-23T13:43:47,100.0,7.37,B
2021-06-23T13:43:41,200.0,7.37,S
2021-06-23T13:43:26,300.0,7.37,S
2021-06-23T13:43:26,4700.0,7.37,S
2021-06-23T13:43:02,100.0,7.38,B
2021-06-23T13:42:53,200.0,7.38,B
2021-06-23T13:42:12,100.0,7.38,B
2021-06-23T13:42:03,1000.0,7.38,S
2021-06-23T13:42:03,2000.0,7.38,S
2021-06-23T13:42:03,1000.0,7.38,S
2021-06-23T13:42:02,1000.0,7.39,B
2021-06-23T13:42:02,2000.0,7.39,B
2021-06-23T13:42:02,1000.0,7.39,B
2021-06-23T13:42:01,1000.0,7.39,B
2021-06-23T13:42:00,1000.0,7.39,B
2021-06-23T13:42:00,1000.0,7.38,S
2021-06-23T13:41:59,1000.0,7.38,S
2021-06-23T13:41:59,1000.0,7.38,S
2021-06-23T13:41:59,1000.0,7.39,B
2021-06-23T13:41:59,1000.0,7.39,B
2021-06-23T13:41:59,2000.0,7.39,B
2021-06-23T13:41:58,1000.0,7.39,B
2021-06-23T13:41:58,2000.0,7.39,B
2021-06-23T13:41:58,1000.0,7.39,B
2021-06-23T13:41:57,1000.0,7.39,B
2021-06-23T13:41:57,1000.0,7.39,B
2021-06-23T13:41:57,1000.0,7.39,B
2021-06-23T13:41:57,2000.0,7.39,B
2021-06-23T13:41:56,1000.0,7.39,B
2021-06-23T13:41:56,1000.0,7.39,B
2021-06-23T13:41:56,1000.0,7.39,B
2021-06-23T13:41:55,2000.0,7.39,B
2021-06-23T13:41:54,1000.0,7.39,B
2021-06-23T13:41:54,1000.0,7.39,B
2021-06-23T13:41:53,1000.0,7.39,B
2021-06-23T13:41:53,1000.0,7.39,B
2021-06-23T13:41:52,1000.0,7.39,B
2021-06-23T13:41:52,700.0,7.39,B
2021-06-23T13:41:52,1300.0,7.39,B
2021-06-23T13:41:52,1000.0,7.38,B
2021-06-23T13:41:36,3000.0,7.38,S
2021-06-23T13:41:21,1500.0,7.38,S
2021-06-23T13:41:09,1000.0,7.38,S
2021-06-23T13:41:05,4900.0,7.38,S
2021-06-23T13:41:05,100.0,7.38,S
2021-06-23T13:40:32,300.0,7.38,S
2021-06-23T13:39:46,500.0,7.39,B
2021-06-23T13:39:21,600.0,7.39,S
2021-06-23T13:39:18,1000.0,7.4,B
2021-06-23T13:39:17,4200.0,7.4,B
2021-06-23T13:39:16,3000.0,7.39,S
2021-06-23T13:39:08,400.0,7.4,B
2021-06-23T13:38:42,2500.0,7.4,B
2021-06-23T13:38:42,4000.0,7.4,B
2021-06-23T13:38:35,2000.0,7.39,S
2021-06-23T13:38:09,100.0,7.4,B
2021-06-23T13:38:03,1600.0,7.39,B
2021-06-23T13:37:59,300.0,7.39,B
2021-06-23T13:37:59,5000.0,7.39,B
2021-06-23T13:37:48,500.0,7.39,B
2021-06-23T13:37:40,200.0,7.39,B
2021-06-23T13:37:30,1900.0,7.39,B
2021-06-23T13:37:00,100.0,7.38,S
2021-06-23T13:36:33,3000.0,7.39,S
2021-06-23T13:36:27,25000.0,7.4,B
2021-06-23T13:36:02,500.0,7.39,B
2021-06-23T13:36:00,600.0,7.39,B
2021-06-23T13:36:00,400.0,7.39,B
2021-06-23T13:35:47,100.0,7.39,B
2021-06-23T13:35:31,1000.0,7.39,B
2021-06-23T13:35:24,5000.0,7.39,B
2021-06-23T13:35:07,2000.0,7.39,B
2021-06-23T13:34:44,1000.0,7.39,B
2021-06-23T13:34:37,13800.0,7.39,B
2021-06-23T13:34:36,100.0,7.38,S
2021-06-23T13:34:14,5000.0,7.39,B
2021-06-23T13:33:59,3000.0,7.38,B
2021-06-23T13:33:45,1200.0,7.37,S
2021-06-23T13:33:36,4000.0,7.37,B
2021-06-23T13:33:28,200.0,7.37,B
2021-06-23T13:33:28,500.0,7.37,B
2021-06-23T13:33:25,30000.0,7.37,B
2021-06-23T13:33:13,1000.0,7.37,B
2021-06-23T13:33:08,300.0,7.36,S
2021-06-23T13:32:55,8200.0,7.37,B
2021-06-23T13:32:29,2700.0,7.36,B
2021-06-23T13:32:29,3000.0,7.36,B
2021-06-23T13:32:13,1800.0,7.35,B
2021-06-23T13:31:33,3200.0,7.34,B
2021-06-23T13:31:26,500.0,7.34,B
2021-06-23T13:31:12,200.0,7.34,B
2021-06-23T13:30:53,100.0,7.34,B
2021-06-23T13:30:41,200.0,7.33,B
2021-06-23T13:29:29,1500.0,7.32,B
2021-06-23T13:29:22,200.0,7.32,B
2021-06-23T13:29:21,1300.0,7.32,B
2021-06-23T13:29:12,2000.0,7.32,B
2021-06-23T13:28:54,100.0,7.32,S
2021-06-23T13:28:49,100.0,7.32,S
2021-06-23T13:28:40,1000.0,7.34,B
2021-06-23T13:28:16,1900.0,7.32,B
2021-06-23T13:28:10,4000.0,7.3,S
2021-06-23T13:28:04,22600.0,7.3,S
2021-06-23T13:28:04,900.0,7.3,S
2021-06-23T13:28:02,100.0,7.31,S
2021-06-23T13:27:38,300.0,7.3,S
2021-06-23T13:27:29,2000.0,7.3,B
2021-06-23T13:27:23,1000.0,7.3,B
2021-06-23T13:27:22,300.0,7.3,B
2021-06-23T13:27:12,20000.0,7.3,B
2021-06-23T13:27:02,4700.0,7.3,B
2021-06-23T13:27:00,1000.0,7.3,B
2021-06-23T13:26:58,300.0,7.3,B
2021-06-23T13:26:54,500.0,7.3,B
2021-06-23T13:26:44,1000.0,7.3,B
2021-06-23T13:26:42,100.0,7.3,B
2021-06-23T13:26:41,900.0,7.3,B
2021-06-23T13:26:36,30000.0,7.3,B
2021-06-23T13:26:17,20000.0,7.3,B
2021-06-23T13:26:10,5000.0,7.3,B
2021-06-23T13:26:04,100.0,7.29,S
2021-06-23T13:26:01,100.0,7.29,S
2021-06-23T13:25:59,6100.0,7.29,S
2021-06-23T13:25:45,3000.0,7.29,B
2021-06-23T13:25:44,5900.0,7.29,B
2021-06-23T13:25:42,500.0,7.29,B
2021-06-23T13:25:42,2500.0,7.29,B
2021-06-23T13:25:39,500.0,7.28,S
2021-06-23T13:25:29,100.0,7.29,S
2021-06-23T13:25:27,1000.0,7.29,S
2021-06-23T13:25:24,1400.0,7.28,S
2021-06-23T13:25:18,1000.0,7.28,S
2021-06-23T13:25:16,600.0,7.28,S
2021-06-23T13:25:06,7900.0,7.27,S
2021-06-23T13:24:58,800.0,7.28,S
2021-06-23T13:24:58,2300.0,7.28,S
2021-06-23T13:24:58,3600.0,7.28,S
2021-06-23T13:24:58,1000.0,7.28,S
2021-06-23T13:24:58,200.0,7.29,B
2021-06-23T13:24:55,1800.0,7.29,B
2021-06-23T13:24:54,2000.0,7.29,B
2021-06-23T13:24:51,900.0,7.29,B
2021-06-23T13:24:51,2800.0,7.29,B
2021-06-23T13:24:44,100.0,7.28,S
2021-06-23T13:24:36,100.0,7.29,B
2021-06-23T13:24:36,4100.0,7.29,B
2021-06-23T13:24:35,5900.0,7.29,B
2021-06-23T13:24:35,11500.0,7.28,S
2021-06-23T13:24:34,500.0,7.29,B
2021-06-23T13:24:28,300.0,7.29,B
2021-06-23T13:24:27,5000.0,7.29,B
2021-06-23T13:24:25,3000.0,7.29,B
2021-06-23T13:24:23,500.0,7.28,S
2021-06-23T13:24:22,800.0,7.29,B
2021-06-23T13:24:11,100.0,7.29,B
2021-06-23T13:24:11,100.0,7.29,B
2021-06-23T13:24:02,1000.0,7.29,B
2021-06-23T13:24:02,2000.0,7.28,S
2021-06-23T13:23:56,1000.0,7.29,B
2021-06-23T13:23:45,2000.0,7.29,B
2021-06-23T13:23:38,300.0,7.29,B
2021-06-23T13:23:38,700.0,7.29,B
2021-06-23T13:23:25,100.0,7.3,B
2021-06-23T13:23:21,100.0,7.29,B
2021-06-23T13:23:09,300.0,7.3,B
2021-06-23T13:23:08,500.0,7.3,B
2021-06-23T13:23:03,1000.0,7.29,B
2021-06-23T13:23:02,200.0,7.3,B
2021-06-23T13:22:53,100.0,7.3,B
2021-06-23T13:22:48,500.0,7.3,B
2021-06-23T13:22:47,900.0,7.29,S
2021-06-23T13:22:37,500.0,7.3,B
2021-06-23T13:22:27,400.0,7.3,B
2021-06-23T13:22:27,100.0,7.3,B
2021-06-23T13:22:25,100.0,7.29,S
2021-06-23T13:22:22,400.0,7.29,S
2021-06-23T13:22:15,2500.0,7.3,B
2021-06-23T13:22:14,5000.0,7.28,S
2021-06-23T13:22:12,1000.0,7.3,B
2021-06-23T13:22:07,100.0,7.3,B
2021-06-23T13:22:04,1000.0,7.29,S
2021-06-23T13:21:58,100.0,7.3,B
2021-06-23T13:21:13,2000.0,7.3,B
2021-06-23T13:21:12,5000.0,7.3,B
2021-06-23T13:21:11,100.0,7.3,B
2021-06-23T13:21:09,100.0,7.3,B
2021-06-23T13:20:53,2000.0,7.3,S
2021-06-23T13:20:53,5100.0,7.3,S
2021-06-23T13:20:53,2000.0,7.3,S
2021-06-23T13:20:53,1900.0,7.3,S
2021-06-23T13:20:53,400.0,7.3,S
2021-06-23T13:20:53,2200.0,7.3,S
2021-06-23T13:20:53,26200.0,7.3,S
2021-06-23T13:20:53,2300.0,7.3,S
2021-06-23T13:20:53,14100.0,7.3,S
2021-06-23T13:20:53,1100.0,7.3,S
2021-06-23T13:20:53,7000.0,7.3,S
2021-06-23T13:20:53,7400.0,7.3,S
2021-06-23T13:20:53,1300.0,7.3,S
2021-06-23T13:20:52,10900.0,7.3,S
2021-06-23T13:20:52,100.0,7.3,S
2021-06-23T13:20:52,5700.0,7.3,S
2021-06-23T13:20:52,20400.0,7.3,S
2021-06-23T13:20:52,100.0,7.3,S
2021-06-23T13:20:52,1000.0,7.3,S
2021-06-23T13:20:52,9400.0,7.3,S
2021-06-23T13:20:52,12500.0,7.3,S
2021-06-23T13:20:52,600.0,7.3,S
2021-06-23T13:20:52,3800.0,7.3,S
2021-06-23T13:20:51,2500.0,7.3,S
2021-06-23T13:20:51,600.0,7.3,S
2021-06-23T13:20:51,10900.0,7.3,S
2021-06-23T13:20:51,19000.0,7.3,S
2021-06-23T13:20:51,400.0,7.3,S
2021-06-23T13:20:51,5200.0,7.3,S
2021-06-23T13:20:51,1000.0,7.3,S
2021-06-23T13:20:50,2000.0,7.3,S
2021-06-23T13:20:50,600.0,7.3,S
2021-06-23T13:20:50,300.0,7.3,S
2021-06-23T13:20:50,1000.0,7.3,S
2021-06-23T13:20:50,100.0,7.3,S
2021-06-23T13:20:50,700.0,7.3,S
2021-06-23T13:20:50,2000.0,7.3,S
2021-06-23T13:20:50,2000.0,7.3,S
2021-06-23T13:20:50,8000.0,7.3,S
2021-06-23T13:20:50,3800.0,7.3,S
2021-06-23T13:20:50,300.0,7.3,S
2021-06-23T13:20:50,1800.0,7.3,S
2021-06-23T13:20:50,17900.0,7.3,S
2021-06-23T13:20:50,8200.0,7.3,S
2021-06-23T13:20:50,100.0,7.3,S
2021-06-23T13:20:50,6000.0,7.3,S
2021-06-23T13:20:50,18800.0,7.3,S
2021-06-23T13:20:50,5300.0,7.3,S
2021-06-23T13:20:50,5000.0,7.3,S
2021-06-23T13:20:50,1000.0,7.3,S
2021-06-23T13:20:50,5700.0,7.3,S
2021-06-23T13:20:50,12400.0,7.3,S
2021-06-23T13:20:50,2300.0,7.31,S
2021-06-23T13:20:50,700.0,7.31,S
2021-06-23T13:20:50,1200.0,7.31,S
2021-06-23T13:20:50,41900.0,7.31,S
2021-06-23T13:20:40,500.0,7.32,S
2021-06-23T13:20:35,25600.0,7.32,B
2021-06-23T13:20:25,27000.0,7.31,S
2021-06-23T13:20:22,25000.0,7.32,B
2021-06-23T13:20:08,5000.0,7.31,S
2021-06-23T13:19:53,2900.0,7.32,S
2021-06-23T13:19:50,1600.0,7.32,S
2021-06-23T13:19:50,400.0,7.32,S
2021-06-23T13:19:31,200.0,7.32,S
2021-06-23T13:19:30,5900.0,7.32,S
2021-06-23T13:19:30,53000.0,7.32,S
2021-06-23T13:19:30,17000.0,7.32,S
2021-06-23T13:19:30,1200.0,7.33,S
2021-06-23T13:19:30,17200.0,7.33,S
2021-06-23T13:19:20,10000.0,7.34,S
2021-06-23T13:19:20,15600.0,7.34,S
2021-06-23T13:19:04,1000.0,7.34,S
2021-06-23T13:19:01,2000.0,7.34,S
2021-06-23T13:18:55,600.0,7.34,S
2021-06-23T13:18:55,200.0,7.34,S
2021-06-23T13:18:40,2000.0,7.34,S
2021-06-23T13:18:35,1000.0,7.34,S
2021-06-23T13:18:18,500.0,7.35,S
2021-06-23T13:18:15,200.0,7.35,S
2021-06-23T13:18:05,10000.0,7.34,S
2021-06-23T13:17:51,500.0,7.35,S
2021-06-23T13:17:38,700.0,7.35,S
2021-06-23T13:17:38,1600.0,7.35,S
2021-06-23T13:17:38,100.0,7.35,S
2021-06-23T13:17:38,1400.0,7.35,S
2021-06-23T13:17:38,1100.0,7.35,S
2021-06-23T13:17:38,100.0,7.35,S
2021-06-23T13:17:38,800.0,7.35,S
2021-06-23T13:17:34,100.0,7.36,B
2021-06-23T13:17:34,5000.0,7.35,S
2021-06-23T13:17:22,5000.0,7.35,S
2021-06-23T13:17:18,3500.0,7.35,S
2021-06-23T13:17:04,1000.0,7.35,S
2021-06-23T13:16:59,1000.0,7.35,S
2021-06-23T13:16:50,10000.0,7.35,S
2021-06-23T13:16:49,500.0,7.35,S
2021-06-23T13:16:39,700.0,7.35,S
2021-06-23T13:16:02,200.0,7.36,S
2021-06-23T13:15:10,800.0,7.37,B
2021-06-23T13:15:09,1700.0,7.36,S
2021-06-23T13:15:05,1400.0,7.36,S
2021-06-23T13:15:01,3000.0,7.36,S
2021-06-23T13:14:56,500.0,7.36,S
2021-06-23T13:14:44,600.0,7.36,S
2021-06-23T13:14:26,2000.0,7.37,B
2021-06-23T13:14:06,2000.0,7.36,S
2021-06-23T13:14:03,100.0,7.37,B
2021-06-23T13:14:02,100.0,7.37,B
2021-06-23T13:14:01,1000.0,7.37,B
2021-06-23T13:13:38,2200.0,7.37,S
2021-06-23T13:13:38,1100.0,7.37,S
2021-06-23T13:13:38,15000.0,7.37,S
2021-06-23T13:13:38,600.0,7.37,S
2021-06-23T13:13:36,1100.0,7.37,S
2021-06-23T13:13:36,1000.0,7.37,S
2021-06-23T13:13:35,2400.0,7.37,S
2021-06-23T13:13:34,1000.0,7.37,S
2021-06-23T13:12:54,400.0,7.37,S
2021-06-23T13:12:54,100.0,7.38,S
2021-06-23T13:12:47,200.0,7.39,B
2021-06-23T13:12:42,400.0,7.37,S
2021-06-23T13:12:36,500.0,7.37,S
2021-06-23T13:12:23,500.0,7.37,S
2021-06-23T13:12:02,100.0,7.38,S
2021-06-23T13:12:00,500.0,7.37,S
2021-06-23T13:10:56,100.0,7.38,S
2021-06-23T13:10:28,2500.0,7.37,S
2021-06-23T13:10:19,100.0,7.38,S
2021-06-23T13:10:12,1800.0,7.38,B
2021-06-23T13:09:54,200.0,7.38,B
2021-06-23T13:09:34,10000.0,7.39,B
2021-06-23T13:09:10,5600.0,7.38,S
2021-06-23T13:08:46,400.0,7.39,B
2021-06-23T13:08:26,500.0,7.39,B
2021-06-23T13:08:14,1500.0,7.39,B
2021-06-23T13:08:12,700.0,7.39,B
2021-06-23T13:07:40,100.0,7.39,B
2021-06-23T13:07:31,1400.0,7.38,B
2021-06-23T13:07:26,600.0,7.38,S
2021-06-23T13:07:20,100.0,7.39,B
2021-06-23T13:07:15,3000.0,7.38,S
2021-06-23T13:07:04,1600.0,7.38,B
2021-06-23T13:06:55,100.0,7.38,B
2021-06-23T13:06:46,4800.0,7.38,B
2021-06-23T13:06:38,2000.0,7.36,S
2021-06-23T13:06:32,1400.0,7.38,B
2021-06-23T13:06:26,2000.0,7.37,B
2021-06-23T13:06:13,2000.0,7.37,B
2021-06-23T13:05:57,1800.0,7.36,S
2021-06-23T13:05:39,1800.0,7.36,B
2021-06-23T13:05:34,200.0,7.36,B
2021-06-23T13:05:28,2000.0,7.36,B
2021-06-23T13:05:09,2100.0,7.35,B
2021-06-23T13:05:08,10000.0,7.35,B
2021-06-23T13:05:06,2000.0,7.35,B
2021-06-23T13:05:03,2000.0,7.35,B
2021-06-23T13:04:53,3000.0,7.35,B
2021-06-23T13:04:53,3000.0,7.35,B
2021-06-23T13:04:34,5200.0,7.34,S
2021-06-23T13:04:33,400.0,7.35,B
2021-06-23T13:04:29,100.0,7.34,S
2021-06-23T13:04:09,1500.0,7.34,S
2021-06-23T13:04:05,5000.0,7.34,B
2021-06-23T13:04:04,100.0,7.34,B
2021-06-23T13:03:57,10000.0,7.34,B
2021-06-23T13:03:49,100.0,7.34,B
2021-06-23T13:03:33,1000.0,7.34,B
2021-06-23T13:03:30,4500.0,7.31,S
2021-06-23T13:03:30,300.0,7.31,S
2021-06-23T13:03:29,200.0,7.31,S
2021-06-23T13:03:28,600.0,7.31,S
2021-06-23T13:03:00,500.0,7.34,B
2021-06-23T13:02:41,500.0,7.31,S
2021-06-23T13:02:06,4500.0,7.31,S
2021-06-23T13:02:06,3000.0,7.31,S
2021-06-23T13:02:06,2800.0,7.31,S
2021-06-23T13:02:06,9700.0,7.31,S
2021-06-23T13:02:06,500.0,7.34,S
2021-06-23T13:01:37,500.0,7.35,B
2021-06-23T13:01:16,500.0,7.35,B
2021-06-23T13:01:13,1200.0,7.35,B
2021-06-23T13:01:06,4200.0,7.35,B
2021-06-23T13:01:06,1300.0,7.35,B
2021-06-23T13:01:03,500.0,7.35,B
2021-06-23T13:00:59,100.0,7.35,B
2021-06-23T13:00:59,100.0,7.35,B
2021-06-23T13:00:59,300.0,7.35,B
2021-06-23T13:00:53,100.0,7.35,B
2021-06-23T13:00:53,900.0,7.35,B
2021-06-23T13:00:24,1200.0,7.34,S
2021-06-23T13:00:24,1000.0,7.34,S
2021-06-23T13:00:23,3000.0,7.34,S
2021-06-23T13:00:20,900.0,7.32,S
2021-06-23T13:00:20,700.0,7.32,S
2021-06-23T13:00:20,200.0,7.32,S
2021-06-23T13:00:20,300.0,7.32,S
2021-06-23T13:00:20,100.0,7.32,S
2021-06-23T13:00:18,100.0,7.32,S
2021-06-23T13:00:18,100.0,7.32,S
2021-06-23T13:00:18,300.0,7.32,S
2021-06-23T13:00:18,100.0,7.32,S
2021-06-23T13:00:18,1900.0,7.32,S
2021-06-23T13:00:18,100.0,7.32,S
2021-06-23T13:00:18,900.0,7.32,S
2021-06-23T13:00:17,100.0,7.32,S
2021-06-23T13:00:17,8000.0,7.32,S
2021-06-23T13:00:10,5000.0,7.32,S
2021-06-23T13:00:10,1100.0,7.32,S
2021-06-23T13:00:10,2900.0,7.32,S
2021-06-23T13:00:10,1000.0,7.32,S
2021-06-23T13:00:10,3000.0,7.32,S
2021-06-23T13:00:10,3000.0,7.32,S
2021-06-23T13:00:10,400.0,7.32,S
2021-06-23T13:00:10,100.0,7.33,S
2021-06-23T13:00:10,2500.0,7.33,S
2021-06-23T13:00:10,1000.0,7.33,S
2021-06-23T13:00:10,1800.0,7.33,S
2021-06-23T13:00:10,1000.0,7.34,S
2021-06-23T13:00:10,2200.0,7.34,S
2021-06-23T13:00:10,3200.0,7.34,S
2021-06-23T13:00:10,500.0,7.34,S
2021-06-23T13:00:10,3300.0,7.34,S
2021-06-23T13:00:10,1000.0,7.34,S
2021-06-23T13:00:10,3000.0,7.34,S
2021-06-23T13:00:10,2000.0,7.34,S
2021-06-23T13:00:10,4000.0,7.34,S
2021-06-23T13:00:10,1000.0,7.34,S
2021-06-23T13:00:10,1000.0,7.34,S
2021-06-23T13:00:10,15000.0,7.34,S
2021-06-23T13:00:10,1000.0,7.34,S
2021-06-23T13:00:10,1000.0,7.34,S
2021-06-23T13:00:10,4000.0,7.34,S
2021-06-23T13:00:10,2000.0,7.34,S
2021-06-23T13:00:10,2000.0,7.34,S
2021-06-23T13:00:10,3000.0,7.34,S
2021-06-23T13:00:10,2000.0,7.35,B
2021-06-23T13:00:10,1300.0,7.35,B
2021-06-23T13:00:10,1700.0,7.35,B
2021-06-23T13:00:10,9000.0,7.35,B
2021-06-23T13:00:10,800.0,7.35,B
2021-06-23T13:00:10,2400.0,7.35,B
2021-06-23T13:00:08,100.0,7.35,B
2021-06-23T13:00:07,100.0,7.35,B
2021-06-23T13:00:07,5400.0,7.35,B
2021-06-23T13:00:06,1000.0,7.35,B
2021-06-23T13:00:06,100.0,7.35,B
2021-06-23T11:30:03,1000.0,7.35,B
2021-06-23T11:30:01,200.0,7.35,B
2021-06-23T11:30:00,1100.0,7.35,B
2021-06-23T11:29:57,6000.0,7.35,B
2021-06-23T11:29:49,5000.0,7.35,B
2021-06-23T11:29:45,100.0,7.35,B
2021-06-23T11:29:30,2200.0,7.35,B
2021-06-23T11:29:16,600.0,7.35,B
2021-06-23T11:29:16,100.0,7.35,B
2021-06-23T11:29:05,1200.0,7.35,B
2021-06-23T11:29:03,700.0,7.35,B
2021-06-23T11:29:03,1500.0,7.35,B
2021-06-23T11:29:01,200.0,7.35,B
2021-06-23T11:28:49,5000.0,7.35,B
2021-06-23T11:28:48,200.0,7.35,B
2021-06-23T11:28:47,300.0,7.35,B
2021-06-23T11:28:43,1000.0,7.35,B
2021-06-23T11:28:40,200.0,7.35,B
2021-06-23T11:28:27,100.0,7.35,B
2021-06-23T11:27:55,500.0,7.35,B
2021-06-23T11:27:53,100.0,7.34,B
2021-06-23T11:27:42,5000.0,7.34,B
2021-06-23T11:27:29,2600.0,7.34,B
2021-06-23T11:27:10,100.0,7.34,B
2021-06-23T11:26:55,300.0,7.34,B
2021-06-23T11:26:31,1300.0,7.34,B
2021-06-23T11:26:30,1700.0,7.34,B
2021-06-23T11:26:19,1900.0,7.31,S
2021-06-23T11:26:19,8100.0,7.31,S
2021-06-23T11:26:16,200.0,7.34,B
2021-06-23T11:26:13,1000.0,7.34,B
2021-06-23T11:26:00,100.0,7.34,B
2021-06-23T11:25:57,5000.0,7.31,S
2021-06-23T11:25:42,3500.0,7.31,S
2021-06-23T11:25:42,1500.0,7.32,S
2021-06-23T11:25:30,100.0,7.34,B
2021-06-23T11:25:18,100.0,7.34,B
2021-06-23T11:25:17,500.0,7.34,B
2021-06-23T11:25:17,100.0,7.34,B
2021-06-23T11:25:13,200.0,7.34,B
2021-06-23T11:24:55,500.0,7.35,S
2021-06-23T11:24:54,100.0,7.35,S
2021-06-23T11:24:50,1300.0,7.35,S
2021-06-23T11:24:29,1500.0,7.35,S
2021-06-23T11:24:28,100.0,7.35,S
2021-06-23T11:24:22,1000.0,7.35,S
2021-06-23T11:24:16,1000.0,7.35,S
2021-06-23T11:24:12,3600.0,7.3,S
2021-06-23T11:24:12,5000.0,7.3,S
2021-06-23T11:24:12,2100.0,7.3,S
2021-06-23T11:24:12,1500.0,7.3,S
2021-06-23T11:24:12,5100.0,7.3,S
2021-06-23T11:24:12,400.0,7.3,S
2021-06-23T11:24:12,8300.0,7.3,S
2021-06-23T11:24:11,4900.0,7.31,S
2021-06-23T11:24:11,39100.0,7.31,S
2021-06-23T11:23:56,1000.0,7.35,S
2021-06-23T11:23:47,1000.0,7.35,S
2021-06-23T11:22:45,1000.0,7.35,S
2021-06-23T11:22:29,1000.0,7.35,S
2021-06-23T11:22:00,1000.0,7.37,S
2021-06-23T11:21:30,100.0,7.37,S
2021-06-23T11:21:19,100.0,7.36,S
2021-06-23T11:21:10,1000.0,7.32,S
2021-06-23T11:21:03,600.0,7.31,S
2021-06-23T11:20:55,400.0,7.3,S
2021-06-23T11:20:30,50000.0,7.3,S
2021-06-23T11:20:01,10300.0,7.31,S
2021-06-23T11:20:01,8000.0,7.31,S
2021-06-23T11:20:01,25500.0,7.31,S
2021-06-23T11:20:01,1000.0,7.31,S
2021-06-23T11:20:00,31400.0,7.31,S
2021-06-23T11:20:00,6000.0,7.32,S
2021-06-23T11:20:00,1200.0,7.33,S
2021-06-23T11:20:00,3800.0,7.33,S
2021-06-23T11:20:00,18900.0,7.35,S
2021-06-23T11:20:00,300.0,7.35,S
2021-06-23T11:20:00,3400.0,7.35,S
2021-06-23T11:20:00,1700.0,7.35,S
2021-06-23T11:20:00,5500.0,7.35,S
2021-06-23T11:20:00,3600.0,7.35,S
2021-06-23T11:20:00,2100.0,7.35,S
2021-06-23T11:20:00,7800.0,7.35,S
2021-06-23T11:20:00,3100.0,7.35,S
2021-06-23T11:20:00,2100.0,7.35,S
2021-06-23T11:20:00,3100.0,7.35,S
2021-06-23T11:19:59,1200.0,7.35,S
2021-06-23T11:19:59,1100.0,7.35,S
2021-06-23T11:19:59,3000.0,7.36,S
2021-06-23T11:19:59,5900.0,7.36,S
2021-06-23T11:19:49,2000.0,7.37,S
2021-06-23T11:19:48,300.0,7.37,S
2021-06-23T11:18:59,2000.0,7.37,S
2021-06-23T11:18:47,3000.0,7.39,S
2021-06-23T11:18:46,100.0,7.38,S
2021-06-23T11:18:42,500.0,7.38,S
2021-06-23T11:18:05,1000.0,7.38,S
2021-06-23T11:18:01,500.0,7.38,S
2021-06-23T11:18:00,2000.0,7.39,S
2021-06-23T11:17:18,200.0,7.37,S
2021-06-23T11:17:18,9000.0,7.37,S
2021-06-23T11:17:13,100.0,7.38,S
2021-06-23T11:17:06,5000.0,7.38,S
2021-06-23T11:16:57,1000.0,7.39,S
2021-06-23T11:16:45,200.0,7.39,S
2021-06-23T11:16:39,5000.0,7.37,S
2021-06-23T11:16:30,3000.0,7.37,S
2021-06-23T11:16:29,3000.0,7.38,S
2021-06-23T11:16:23,1000.0,7.38,S
2021-06-23T11:16:06,10000.0,7.39,S
2021-06-23T11:16:06,100.0,7.38,S
2021-06-23T11:16:02,100.0,7.37,S
2021-06-23T11:15:47,2900.0,7.38,S
2021-06-23T11:15:41,800.0,7.38,S
2021-06-23T11:15:41,3500.0,7.38,S
2021-06-23T11:15:41,800.0,7.38,S
2021-06-23T11:15:41,1500.0,7.38,S
2021-06-23T11:15:41,400.0,7.38,S
2021-06-23T11:15:12,100.0,7.39,S
2021-06-23T11:15:10,200.0,7.39,S
2021-06-23T11:14:40,200.0,7.39,S
2021-06-23T11:14:35,100.0,7.39,S
2021-06-23T11:14:34,1500.0,7.39,S
2021-06-23T11:14:34,100.0,7.39,S
2021-06-23T11:14:30,100.0,7.39,S
2021-06-23T11:14:28,100.0,7.39,S
2021-06-23T11:14:25,100.0,7.39,S
2021-06-23T11:14:24,100.0,7.39,S
2021-06-23T11:14:23,100.0,7.39,S
2021-06-23T11:14:18,100.0,7.39,S
2021-06-23T11:14:15,100.0,7.39,S
2021-06-23T11:14:14,100.0,7.39,S
2021-06-23T11:14:12,100.0,7.39,S
2021-06-23T11:14:10,100.0,7.39,S
2021-06-23T11:14:06,100.0,7.39,S
2021-06-23T11:14:06,100.0,7.39,S
2021-06-23T11:14:03,100.0,7.39,S
2021-06-23T11:13:59,100.0,7.39,S
2021-06-23T11:13:52,100.0,7.39,S
2021-06-23T11:13:49,100.0,7.39,S
2021-06-23T11:13:45,100.0,7.39,S
2021-06-23T11:13:44,5700.0,7.39,S
2021-06-23T11:13:43,100.0,7.4,B
2021-06-23T11:13:40,5500.0,7.39,S
2021-06-23T11:13:40,100.0,7.4,B
2021-06-23T11:13:31,100.0,7.4,B
2021-06-23T11:13:28,100.0,7.4,B
2021-06-23T11:13:25,100.0,7.4,B
2021-06-23T11:13:22,100.0,7.4,B
2021-06-23T11:13:20,100.0,7.4,B
2021-06-23T11:13:17,100.0,7.4,B
2021-06-23T11:13:14,100.0,7.4,B
2021-06-23T11:13:11,100.0,7.4,B
2021-06-23T11:13:09,100.0,7.4,B
2021-06-23T11:13:07,100.0,7.4,B
2021-06-23T11:13:03,100.0,7.4,B
2021-06-23T11:13:01,100.0,7.4,B
2021-06-23T11:12:58,100.0,7.4,S
2021-06-23T11:12:58,2000.0,7.4,S
2021-06-23T11:12:55,100.0,7.4,S
2021-06-23T11:12:54,100.0,7.4,S
2021-06-23T11:12:54,1000.0,7.39,S
2021-06-23T11:12:53,100.0,7.4,S
2021-06-23T11:12:52,100.0,7.4,S
2021-06-23T11:12:50,100.0,7.4,S
2021-06-23T11:12:48,100.0,7.4,S
2021-06-23T11:12:46,100.0,7.4,S
2021-06-23T11:12:44,100.0,7.4,S
2021-06-23T11:12:43,100.0,7.4,S
2021-06-23T11:12:41,100.0,7.4,S
2021-06-23T11:12:40,600.0,7.4,S
2021-06-23T11:12:40,100.0,7.4,S
2021-06-23T11:12:38,100.0,7.4,S
2021-06-23T11:12:37,100.0,7.4,S
2021-06-23T11:12:35,100.0,7.4,S
2021-06-23T11:12:34,100.0,7.4,S
2021-06-23T11:12:33,100.0,7.4,S
2021-06-23T11:12:33,200.0,7.4,S
2021-06-23T11:12:30,100.0,7.4,S
2021-06-23T11:12:29,100.0,7.4,S
2021-06-23T11:12:28,100.0,7.4,S
2021-06-23T11:12:16,100.0,7.4,S
2021-06-23T11:12:13,100.0,7.4,S
2021-06-23T11:12:11,100.0,7.4,S
2021-06-23T11:12:07,100.0,7.4,S
2021-06-23T11:12:05,100.0,7.4,S
2021-06-23T11:12:02,100.0,7.4,S
2021-06-23T11:12:00,100.0,7.4,S
2021-06-23T11:11:57,100.0,7.4,S
2021-06-23T11:11:54,100.0,7.4,S
2021-06-23T11:11:53,100.0,7.4,S
2021-06-23T11:11:51,5000.0,7.4,S
2021-06-23T11:11:50,100.0,7.4,S
2021-06-23T11:11:48,100.0,7.4,S
2021-06-23T11:11:43,100.0,7.4,S
2021-06-23T11:11:41,100.0,7.4,S
2021-06-23T11:11:40,100.0,7.4,S
2021-06-23T11:11:38,100.0,7.4,S
2021-06-23T11:11:36,100.0,7.4,S
2021-06-23T11:11:35,100.0,7.4,S
2021-06-23T11:11:35,500.0,7.4,S
2021-06-23T11:11:32,100.0,7.4,S
2021-06-23T11:11:30,100.0,7.4,S
2021-06-23T11:11:28,100.0,7.4,S
2021-06-23T11:11:26,8000.0,7.39,S
2021-06-23T11:11:25,100.0,7.4,S
2021-06-23T11:11:24,100.0,7.4,S
2021-06-23T11:11:21,100.0,7.4,S
2021-06-23T11:11:20,100.0,7.4,S
2021-06-23T11:11:16,100.0,7.4,S
2021-06-23T11:11:14,100.0,7.4,S
2021-06-23T11:11:13,100.0,7.4,S
2021-06-23T11:11:12,100.0,7.4,S
2021-06-23T11:11:10,100.0,7.4,S
2021-06-23T11:11:06,100.0,7.4,S
2021-06-23T11:11:03,100.0,7.4,S
2021-06-23T11:11:00,700.0,7.4,S
2021-06-23T11:10:59,100.0,7.4,S
2021-06-23T11:10:57,100.0,7.4,S
2021-06-23T11:10:55,100.0,7.4,S
2021-06-23T11:10:53,100.0,7.4,S
2021-06-23T11:10:52,100.0,7.4,S
2021-06-23T11:10:52,21500.0,7.39,S
2021-06-23T11:10:50,100.0,7.4,S
2021-06-23T11:10:48,100.0,7.4,S
2021-06-23T11:10:47,100.0,7.4,S
2021-06-23T11:10:45,100.0,7.4,S
2021-06-23T11:10:41,100.0,7.4,S
2021-06-23T11:10:41,100.0,7.4,S
2021-06-23T11:10:40,100.0,7.4,S
2021-06-23T11:10:39,100.0,7.4,S
2021-06-23T11:10:37,100.0,7.4,S
2021-06-23T11:10:35,100.0,7.4,S
2021-06-23T11:10:35,2700.0,7.4,S
2021-06-23T11:10:35,500.0,7.4,S
2021-06-23T11:10:35,3000.0,7.4,S
2021-06-23T11:10:35,13000.0,7.4,S
2021-06-23T11:10:35,1700.0,7.4,S
2021-06-23T11:10:35,6000.0,7.4,S
2021-06-23T11:10:35,700.0,7.4,S
2021-06-23T11:10:35,17300.0,7.4,S
2021-06-23T11:10:34,100.0,7.41,S
2021-06-23T11:10:33,100.0,7.41,S
2021-06-23T11:10:30,5200.0,7.41,S
2021-06-23T11:10:30,100.0,7.41,S
2021-06-23T11:10:28,100.0,7.41,S
2021-06-23T11:10:27,100.0,7.41,S
2021-06-23T11:10:22,100.0,7.41,S
2021-06-23T11:10:17,100.0,7.41,S
2021-06-23T11:10:16,100.0,7.41,S
2021-06-23T11:10:15,1000.0,7.4,S
2021-06-23T11:10:15,5200.0,7.4,S
2021-06-23T11:10:15,100.0,7.4,S
2021-06-23T11:10:15,100.0,7.4,S
2021-06-23T11:10:15,400.0,7.4,S
2021-06-23T11:10:15,100.0,7.4,S
2021-06-23T11:10:15,6900.0,7.4,S
2021-06-23T11:10:15,100.0,7.4,S
2021-06-23T11:10:15,300.0,7.4,S
2021-06-23T11:10:15,200.0,7.4,S
2021-06-23T11:10:15,100.0,7.4,S
2021-06-23T11:10:15,2300.0,7.4,S
2021-06-23T11:10:15,1000.0,7.4,S
2021-06-23T11:10:15,500.0,7.4,S
2021-06-23T11:10:15,200.0,7.4,S
2021-06-23T11:10:15,1000.0,7.4,S
2021-06-23T11:10:15,10100.0,7.4,S
2021-06-23T11:10:15,100.0,7.4,S
2021-06-23T11:10:15,1000.0,7.4,S
2021-06-23T11:10:15,200.0,7.4,S
2021-06-23T11:10:15,300.0,7.4,S
2021-06-23T11:10:15,300.0,7.4,S
2021-06-23T11:10:15,6600.0,7.4,S
2021-06-23T11:10:15,900.0,7.4,S
2021-06-23T11:10:14,11000.0,7.4,S
2021-06-23T11:10:14,100.0,7.41,S
2021-06-23T11:10:12,100.0,7.41,S
2021-06-23T11:10:10,100.0,7.41,S
2021-06-23T11:10:08,100.0,7.41,S
2021-06-23T11:10:07,100.0,7.41,S
2021-06-23T11:10:05,100.0,7.41,S
2021-06-23T11:10:04,100.0,7.41,S
2021-06-23T11:10:02,100.0,7.41,S
2021-06-23T11:10:01,100.0,7.41,S
2021-06-23T11:09:59,100.0,7.41,S
2021-06-23T11:09:55,100.0,7.41,S
2021-06-23T11:09:55,100.0,7.41,S
2021-06-23T11:09:54,100.0,7.41,S
2021-06-23T11:09:52,100.0,7.41,S
2021-06-23T11:09:49,100.0,7.41,S
2021-06-23T11:09:48,100.0,7.41,S
2021-06-23T11:09:46,100.0,7.41,S
2021-06-23T11:09:44,100.0,7.41,S
2021-06-23T11:09:42,200.0,7.41,S
2021-06-23T11:09:40,100.0,7.41,S
2021-06-23T11:09:35,100.0,7.41,S
2021-06-23T11:09:35,100.0,7.41,S
2021-06-23T11:09:32,100.0,7.41,S
2021-06-23T11:09:30,100.0,7.41,S
2021-06-23T11:09:29,100.0,7.41,S
2021-06-23T11:09:27,100.0,7.41,S
2021-06-23T11:09:25,100.0,7.41,S
2021-06-23T11:09:24,100.0,7.41,S
2021-06-23T11:09:21,100.0,7.41,S
2021-06-23T11:09:20,100.0,7.41,S
2021-06-23T11:09:18,100.0,7.41,S
2021-06-23T11:09:18,100.0,7.41,S
2021-06-23T11:09:16,100.0,7.41,S
2021-06-23T11:09:15,100.0,7.41,S
2021-06-23T11:09:14,100.0,7.41,S
2021-06-23T11:09:11,100.0,7.41,S
2021-06-23T11:09:09,100.0,7.42,S
2021-06-23T11:09:08,100.0,7.42,S
2021-06-23T11:09:06,100.0,7.42,S
2021-06-23T11:09:05,100.0,7.42,S
2021-06-23T11:09:00,100.0,7.42,S
2021-06-23T11:08:58,100.0,7.42,S
2021-06-23T11:08:58,3900.0,7.4,S
2021-06-23T11:08:58,11200.0,7.4,S
2021-06-23T11:08:58,3100.0,7.4,S
2021-06-23T11:08:57,6800.0,7.4,S
2021-06-23T11:08:57,100.0,7.42,S
2021-06-23T11:08:56,100.0,7.42,S
2021-06-23T11:08:55,100.0,7.42,S
2021-06-23T11:08:53,200.0,7.42,S
2021-06-23T11:08:53,100.0,7.42,S
2021-06-23T11:08:52,100.0,7.42,S
2021-06-23T11:08:50,200.0,7.42,S
2021-06-23T11:08:50,100.0,7.42,S
2021-06-23T11:08:50,15200.0,7.4,S
2021-06-23T11:08:50,1500.0,7.4,S
2021-06-23T11:08:49,1100.0,7.4,S
2021-06-23T11:08:49,100.0,7.4,S
2021-06-23T11:08:49,3000.0,7.4,S
2021-06-23T11:08:49,1200.0,7.4,S
2021-06-23T11:08:49,3500.0,7.41,S
2021-06-23T11:08:49,2800.0,7.41,S
2021-06-23T11:08:49,1500.0,7.41,S
2021-06-23T11:08:49,44700.0,7.41,S
2021-06-23T11:08:49,100.0,7.42,S
2021-06-23T11:08:48,100.0,7.42,S
2021-06-23T11:08:46,100.0,7.42,S
2021-06-23T11:08:45,100.0,7.42,S
2021-06-23T11:08:43,100.0,7.42,S
2021-06-23T11:08:41,100.0,7.42,S
2021-06-23T11:08:41,100.0,7.42,S
2021-06-23T11:08:40,100.0,7.42,S
2021-06-23T11:08:37,100.0,7.42,S
2021-06-23T11:08:35,5000.0,7.41,S
2021-06-23T11:08:35,100.0,7.42,S
2021-06-23T11:08:30,100.0,7.42,S
2021-06-23T11:08:27,100.0,7.42,S
2021-06-23T11:08:23,100.0,7.42,S
2021-06-23T11:08:21,100.0,7.42,S
2021-06-23T11:08:19,100.0,7.42,S
2021-06-23T11:08:17,100.0,7.42,S
2021-06-23T11:08:16,500.0,7.42,S
2021-06-23T11:08:15,100.0,7.42,S
2021-06-23T11:08:12,100.0,7.42,S
2021-06-23T11:08:10,100.0,7.42,S
2021-06-23T11:08:07,100.0,7.42,S
2021-06-23T11:08:05,100.0,7.42,S
2021-06-23T11:08:04,100.0,7.42,S
2021-06-23T11:08:00,100.0,7.42,S
2021-06-23T11:08:00,5000.0,7.41,S
2021-06-23T11:07:58,100.0,7.42,S
2021-06-23T11:07:57,100.0,7.42,S
2021-06-23T11:07:56,100.0,7.42,S
2021-06-23T11:07:55,100.0,7.42,S
2021-06-23T11:07:53,100.0,7.42,S
2021-06-23T11:07:52,100.0,7.42,S
2021-06-23T11:07:49,100.0,7.42,S
2021-06-23T11:07:48,100.0,7.42,S
2021-06-23T11:07:47,100.0,7.42,S
2021-06-23T11:07:46,100.0,7.42,S
2021-06-23T11:07:44,100.0,7.42,S
2021-06-23T11:07:43,100.0,7.42,S
2021-06-23T11:07:43,300.0,7.42,S
2021-06-23T11:07:43,300.0,7.42,S
2021-06-23T11:07:43,100.0,7.42,S
2021-06-23T11:07:43,100.0,7.42,S
2021-06-23T11:07:43,500.0,7.42,S
2021-06-23T11:07:43,500.0,7.42,S
2021-06-23T11:07:43,100.0,7.42,S
2021-06-23T11:07:43,100.0,7.42,S
2021-06-23T11:07:43,400.0,7.42,S
2021-06-23T11:07:43,400.0,7.42,S
2021-06-23T11:07:43,400.0,7.42,S
2021-06-23T11:07:43,1000.0,7.42,S
2021-06-23T11:07:36,7100.0,7.42,S
2021-06-23T11:07:36,500.0,7.42,S
2021-06-23T11:07:36,300.0,7.42,S
2021-06-23T11:07:36,700.0,7.42,S
2021-06-23T11:07:36,400.0,7.42,S
2021-06-23T11:07:36,600.0,7.42,S
2021-06-23T11:07:36,100.0,7.42,S
2021-06-23T11:07:36,300.0,7.42,S
2021-06-23T11:07:21,100.0,7.43,B
2021-06-23T11:07:12,100.0,7.43,B
2021-06-23T11:06:45,100.0,7.42,S
2021-06-23T11:06:45,100.0,7.42,S
2021-06-23T11:06:45,200.0,7.42,S
2021-06-23T11:06:45,400.0,7.42,S
2021-06-23T11:06:33,200.0,7.43,B
2021-06-23T11:06:06,1000.0,7.42,S
2021-06-23T11:06:06,100.0,7.42,S
2021-06-23T11:06:06,200.0,7.42,S
2021-06-23T11:06:06,200.0,7.42,S
2021-06-23T11:06:06,200.0,7.42,S
2021-06-23T11:06:06,100.0,7.42,S
2021-06-23T11:06:06,100.0,7.42,S
2021-06-23T11:06:06,200.0,7.42,S
2021-06-23T11:06:06,100.0,7.42,S
2021-06-23T11:06:06,100.0,7.42,S
2021-06-23T11:06:06,400.0,7.42,S
2021-06-23T11:06:06,200.0,7.42,S
2021-06-23T11:06:06,100.0,7.42,S
2021-06-23T11:06:06,200.0,7.42,S
2021-06-23T11:06:06,200.0,7.42,S
2021-06-23T11:06:06,300.0,7.42,S
2021-06-23T11:06:06,100.0,7.42,S
2021-06-23T11:06:06,200.0,7.42,S
2021-06-23T11:06:06,100.0,7.42,S
2021-06-23T11:06:06,200.0,7.42,S
2021-06-23T11:06:06,100.0,7.42,S
2021-06-23T11:06:06,200.0,7.42,S
2021-06-23T11:06:06,300.0,7.42,S
2021-06-23T11:06:06,200.0,7.42,S
2021-06-23T11:06:06,200.0,7.42,S
2021-06-23T11:06:06,200.0,7.42,S
2021-06-23T11:06:06,300.0,7.42,S
2021-06-23T11:06:06,600.0,7.42,S
2021-06-23T11:06:06,400.0,7.42,S
2021-06-23T11:06:06,200.0,7.42,S
2021-06-23T11:06:06,100.0,7.42,S
2021-06-23T11:06:06,200.0,7.42,S
2021-06-23T11:06:06,300.0,7.42,S
2021-06-23T11:06:06,200.0,7.42,S
2021-06-23T11:06:06,300.0,7.42,S
2021-06-23T11:06:06,600.0,7.42,S
2021-06-23T11:06:06,100.0,7.42,S
2021-06-23T11:06:06,500.0,7.42,S
2021-06-23T11:06:06,100.0,7.42,S
2021-06-23T11:06:06,200.0,7.42,S
2021-06-23T11:06:06,200.0,7.42,S
2021-06-23T11:06:06,200.0,7.42,S
2021-06-23T11:06:06,200.0,7.42,S
2021-06-23T11:06:06,300.0,7.42,S
2021-06-23T11:06:06,200.0,7.42,S
2021-06-23T11:06:06,200.0,7.42,S
2021-06-23T11:06:06,300.0,7.42,S
2021-06-23T11:06:06,200.0,7.42,S
2021-06-23T11:06:06,300.0,7.42,S
2021-06-23T11:06:06,400.0,7.42,S
2021-06-23T11:06:06,200.0,7.42,S
2021-06-23T11:06:06,100.0,7.42,S
2021-06-23T11:06:06,100.0,7.42,S
2021-06-23T11:06:06,200.0,7.42,S
2021-06-23T11:06:06,300.0,7.42,S
2021-06-23T11:06:06,200.0,7.42,S
2021-06-23T11:06:06,200.0,7.42,S
2021-06-23T11:06:06,100.0,7.42,S
2021-06-23T11:06:06,200.0,7.42,S
2021-06-23T11:06:06,200.0,7.42,S
2021-06-23T11:06:06,200.0,7.42,S
2021-06-23T11:06:06,200.0,7.42,S
2021-06-23T11:06:06,200.0,7.42,S
2021-06-23T11:06:06,200.0,7.42,S
2021-06-23T11:06:06,300.0,7.42,S
2021-06-23T11:06:06,1000.0,7.42,S
2021-06-23T11:05:19,14800.0,7.43,S
2021-06-23T11:05:16,100.0,7.43,S
2021-06-23T11:04:55,1000.0,7.43,B
2021-06-23T11:04:51,600.0,7.43,B
2021-06-23T11:04:32,100.0,7.42,S
2021-06-23T11:04:32,200.0,7.42,S
2021-06-23T11:04:32,100.0,7.42,S
2021-06-23T11:04:32,200.0,7.42,S
2021-06-23T11:04:32,300.0,7.42,S
2021-06-23T11:04:32,300.0,7.42,S
2021-06-23T11:04:32,100.0,7.42,S
2021-06-23T11:04:31,100.0,7.42,S
2021-06-23T11:04:31,300.0,7.42,S
2021-06-23T11:04:31,100.0,7.42,S
2021-06-23T11:04:31,300.0,7.42,S
2021-06-23T11:04:31,500.0,7.42,S
2021-06-23T11:04:31,100.0,7.42,S
2021-06-23T11:04:31,600.0,7.42,S
2021-06-23T11:04:31,100.0,7.42,S
2021-06-23T11:04:31,200.0,7.42,S
2021-06-23T11:04:30,200.0,7.42,S
2021-06-23T11:03:35,6100.0,7.41,S
2021-06-23T11:03:35,300.0,7.42,S
2021-06-23T11:03:35,400.0,7.42,S
2021-06-23T11:03:35,600.0,7.42,S
2021-06-23T11:03:35,100.0,7.42,S
2021-06-23T11:03:35,200.0,7.42,S
2021-06-23T11:03:34,100.0,7.42,S
2021-06-23T11:03:34,400.0,7.42,S
2021-06-23T11:03:34,300.0,7.42,S
2021-06-23T11:03:34,100.0,7.42,S
2021-06-23T11:03:34,300.0,7.42,S
2021-06-23T11:03:34,200.0,7.42,S
2021-06-23T11:03:34,300.0,7.42,S
2021-06-23T11:03:34,400.0,7.42,S
2021-06-23T11:03:34,300.0,7.42,S
2021-06-23T11:03:34,1100.0,7.42,S
2021-06-23T11:03:34,800.0,7.42,S
2021-06-23T11:03:34,400.0,7.42,S
2021-06-23T11:03:34,3000.0,7.42,S
2021-06-23T11:03:34,300.0,7.42,S
2021-06-23T11:03:34,1600.0,7.42,S
2021-06-23T11:03:34,400.0,7.42,S
2021-06-23T11:03:34,100.0,7.42,S
2021-06-23T11:03:34,700.0,7.42,S
2021-06-23T11:03:34,200.0,7.42,S
2021-06-23T11:03:34,1300.0,7.42,S
2021-06-23T11:02:58,10000.0,7.41,S
2021-06-23T11:02:53,800.0,7.42,B
2021-06-23T11:02:47,500.0,7.42,B
2021-06-23T11:02:26,1000.0,7.42,B
2021-06-23T11:02:16,500.0,7.42,B
2021-06-23T11:02:15,2300.0,7.42,B
2021-06-23T11:01:55,100.0,7.42,B
2021-06-23T11:01:42,100.0,7.42,B
2021-06-23T11:01:39,1000.0,7.41,S
2021-06-23T11:01:32,83100.0,7.41,S
2021-06-23T11:01:28,16900.0,7.41,S
2021-06-23T11:01:27,500.0,7.42,B
2021-06-23T11:01:21,5000.0,7.41,S
2021-06-23T11:01:19,100.0,7.42,B
2021-06-23T11:01:17,2000.0,7.42,B
2021-06-23T11:01:04,3000.0,7.41,S
2021-06-23T11:00:45,100.0,7.42,B
2021-06-23T11:00:28,200.0,7.41,S
2021-06-23T11:00:14,3600.0,7.42,B
2021-06-23T11:00:11,500.0,7.42,B
2021-06-23T11:00:10,72600.0,7.42,S
2021-06-23T11:00:10,3200.0,7.42,S
2021-06-23T11:00:10,18500.0,7.42,S
2021-06-23T11:00:10,10600.0,7.42,S
2021-06-23T11:00:10,11100.0,7.42,S
2021-06-23T11:00:10,11000.0,7.42,S
2021-06-23T11:00:05,600.0,7.43,B
2021-06-23T10:59:51,2700.0,7.43,B
2021-06-23T10:59:30,500.0,7.43,B
2021-06-23T10:59:22,2000.0,7.43,B
2021-06-23T10:59:20,1300.0,7.43,B
2021-06-23T10:58:49,1500.0,7.42,S
2021-06-23T10:58:30,300.0,7.42,S
2021-06-23T10:58:30,400.0,7.43,B
2021-06-23T10:58:02,1900.0,7.43,S
2021-06-23T10:58:02,1200.0,7.43,S
2021-06-23T10:57:36,200.0,7.43,B
2021-06-23T10:57:30,300.0,7.43,B
2021-06-23T10:57:30,400.0,7.43,B
2021-06-23T10:56:52,100.0,7.43,B
2021-06-23T10:56:49,10000.0,7.43,B
2021-06-23T10:56:40,2000.0,7.43,B
2021-06-23T10:55:59,100.0,7.43,B
2021-06-23T10:55:32,300.0,7.43,B
2021-06-23T10:55:25,2900.0,7.42,S
2021-06-23T10:55:02,1100.0,7.43,B
2021-06-23T10:55:02,4900.0,7.43,B
2021-06-23T10:54:50,100.0,7.43,B
2021-06-23T10:54:44,1000.0,7.43,B
2021-06-23T10:54:34,1000.0,7.43,B
2021-06-23T10:54:28,2900.0,7.43,B
2021-06-23T10:53:38,1000.0,7.42,S
2021-06-23T10:53:38,2800.0,7.43,B
2021-06-23T10:53:12,500.0,7.43,S
2021-06-23T10:53:03,3800.0,7.43,S
2021-06-23T10:52:31,2000.0,7.43,S
2021-06-23T10:52:31,28000.0,7.43,S
2021-06-23T10:52:28,1000.0,7.45,B
2021-06-23T10:52:23,100.0,7.45,B
2021-06-23T10:51:59,200.0,7.45,B
2021-06-23T10:51:40,30000.0,7.43,S
2021-06-23T10:51:38,10000.0,7.45,B
2021-06-23T10:51:30,2000.0,7.45,B
2021-06-23T10:51:18,78000.0,7.45,S
2021-06-23T10:51:10,11000.0,7.45,S
2021-06-23T10:50:27,100.0,7.46,S
2021-06-23T10:50:18,200.0,7.46,S
2021-06-23T10:50:05,11800.0,7.46,S
2021-06-23T10:49:54,7400.0,7.46,S
2021-06-23T10:49:34,5000.0,7.47,B
2021-06-23T10:49:12,100.0,7.47,B
2021-06-23T10:48:59,1000.0,7.46,S
2021-06-23T10:48:35,27400.0,7.47,S
2021-06-23T10:48:08,100.0,7.48,B
2021-06-23T10:47:48,500.0,7.48,B
2021-06-23T10:47:20,1000.0,7.48,B
2021-06-23T10:47:02,100.0,7.47,S
2021-06-23T10:46:38,100.0,7.48,B
2021-06-23T10:46:01,10800.0,7.47,B
2021-06-23T10:46:01,3200.0,7.47,B
2021-06-23T10:46:01,24500.0,7.46,B
2021-06-23T10:46:01,100.0,7.44,S
2021-06-23T10:45:07,1000.0,7.43,S
2021-06-23T10:44:53,200.0,7.43,S
2021-06-23T10:44:48,2300.0,7.43,S
2021-06-23T10:44:21,28600.0,7.45,B
2021-06-23T10:44:14,100.0,7.44,S
2021-06-23T10:43:48,10000.0,7.45,B
2021-06-23T10:43:22,25000.0,7.43,S
2021-06-23T10:43:06,1000.0,7.43,S
2021-06-23T10:42:44,100.0,7.43,S
2021-06-23T10:42:08,1000.0,7.45,S
2021-06-23T10:42:02,9900.0,7.45,S
2021-06-23T10:42:02,100.0,7.45,S
2021-06-23T10:41:30,700.0,7.46,B
2021-06-23T10:40:29,100.0,7.46,B
2021-06-23T10:38:55,200.0,7.47,S
2021-06-23T10:38:55,38200.0,7.47,S
2021-06-23T10:38:44,2000.0,7.47,S
2021-06-23T10:38:16,1400.0,7.47,S
2021-06-23T10:38:07,200.0,7.47,S
2021-06-23T10:38:01,7000.0,7.47,S
2021-06-23T10:37:57,700.0,7.47,S
2021-06-23T10:37:50,10500.0,7.45,B
2021-06-23T10:37:17,2000.0,7.43,S
2021-06-23T10:36:23,50000.0,7.42,S
2021-06-23T10:36:15,2000.0,7.43,B
2021-06-23T10:36:15,7100.0,7.43,B
2021-06-23T10:36:02,1000.0,7.43,B
2021-06-23T10:35:53,1000.0,7.43,B
2021-06-23T10:35:45,200.0,7.43,B
2021-06-23T10:35:37,400.0,7.43,B
2021-06-23T10:35:14,5000.0,7.43,B
2021-06-23T10:35:06,100.0,7.43,B
2021-06-23T10:35:00,5000.0,7.42,S
2021-06-23T10:34:49,200.0,7.43,B
2021-06-23T10:34:09,100.0,7.43,B
2021-06-23T10:34:08,500.0,7.43,B
2021-06-23T10:33:58,2000.0,7.42,S
2021-06-23T10:33:50,10000.0,7.42,S
2021-06-23T10:32:53,100.0,7.43,B
2021-06-23T10:32:53,200.0,7.43,B
2021-06-23T10:31:00,36000.0,7.41,S
2021-06-23T10:30:40,1000.0,7.49,B
2021-06-23T10:30:39,1000.0,7.49,B
2021-06-23T10:30:39,1000.0,7.49,B
2021-06-23T10:30:39,1000.0,7.49,B
2021-06-23T10:30:39,1000.0,7.49,B
2021-06-23T10:30:38,1000.0,7.49,B
2021-06-23T10:30:38,1000.0,7.49,B
2021-06-23T10:30:38,1000.0,7.49,B
2021-06-23T10:30:37,3000.0,7.49,B
2021-06-23T10:30:36,1000.0,7.49,B
2021-06-23T10:30:36,1000.0,7.49,B
2021-06-23T10:30:36,1000.0,7.49,B
2021-06-23T10:30:34,1000.0,7.49,B
2021-06-23T10:30:34,2000.0,7.49,B
2021-06-23T10:30:34,1000.0,7.49,B
2021-06-23T10:30:34,1000.0,7.49,B
2021-06-23T10:30:34,1000.0,7.49,B
2021-06-23T10:30:33,2000.0,7.49,B
2021-06-23T10:30:32,1000.0,7.49,B
2021-06-23T10:30:32,1000.0,7.49,B
2021-06-23T10:30:32,3000.0,7.49,B
2021-06-23T10:30:29,1000.0,7.49,B
2021-06-23T10:30:29,1000.0,7.49,B
2021-06-23T10:30:29,1000.0,7.49,B
2021-06-23T10:30:29,2000.0,7.49,B
2021-06-23T10:30:29,1000.0,7.48,B
2021-06-23T10:30:29,1000.0,7.48,B
2021-06-23T10:30:29,1000.0,7.48,B
2021-06-23T10:30:28,1000.0,7.48,B
2021-06-23T10:30:28,1000.0,7.48,B
2021-06-23T10:30:27,1000.0,7.48,B
2021-06-23T10:30:27,2000.0,7.48,B
2021-06-23T10:30:27,1000.0,7.48,B
2021-06-23T10:30:27,1000.0,7.47,B
2021-06-23T10:30:27,1000.0,7.45,B
2021-06-23T10:30:25,1000.0,7.45,B
2021-06-23T10:30:25,1000.0,7.45,B
2021-06-23T10:30:25,1000.0,7.45,B
2021-06-23T10:30:25,1000.0,7.45,B
2021-06-23T10:30:24,2000.0,7.45,B
2021-06-23T10:30:24,1000.0,7.45,B
2021-06-23T10:30:23,1000.0,7.45,B
2021-06-23T10:30:23,1000.0,7.45,B
2021-06-23T10:30:23,2000.0,7.45,B
2021-06-23T10:30:22,1000.0,7.45,B
2021-06-23T10:30:22,2000.0,7.45,B
2021-06-23T10:30:22,1000.0,7.45,B
2021-06-23T10:30:22,1000.0,7.45,B
2021-06-23T10:30:20,1000.0,7.45,B
2021-06-23T10:30:20,1000.0,7.45,B
2021-06-23T10:30:20,1000.0,7.45,B
2021-06-23T10:30:20,2000.0,7.45,B
2021-06-23T10:30:20,1000.0,7.45,B
2021-06-23T10:30:20,1000.0,7.45,B
2021-06-23T10:30:19,1000.0,7.45,B
2021-06-23T10:30:19,1000.0,7.45,B
2021-06-23T10:30:19,1000.0,7.45,B
2021-06-23T10:30:19,1000.0,7.44,B
2021-06-23T10:30:18,1000.0,7.44,B
2021-06-23T10:30:18,1000.0,7.44,B
2021-06-23T10:30:18,1000.0,7.44,B
2021-06-23T10:30:17,1000.0,7.44,B
2021-06-23T10:30:17,1000.0,7.44,B
2021-06-23T10:30:16,1000.0,7.44,B
2021-06-23T10:30:16,3000.0,7.44,B
2021-06-23T10:30:16,1000.0,7.44,B
2021-06-23T10:30:14,1000.0,7.44,B
2021-06-23T10:30:14,1000.0,7.44,B
2021-06-23T10:30:14,1000.0,7.44,B
2021-06-23T10:30:14,1000.0,7.44,B
2021-06-23T10:30:13,2000.0,7.43,B
2021-06-23T10:30:13,1000.0,7.43,B
2021-06-23T10:30:12,1000.0,7.42,B
2021-06-23T10:30:12,1000.0,7.42,B
2021-06-23T10:30:12,1000.0,7.42,B
2021-06-23T10:30:12,1000.0,7.42,B
2021-06-23T10:30:11,3000.0,7.42,B
2021-06-23T10:30:10,2000.0,7.42,B
2021-06-23T10:30:10,1000.0,7.42,B
2021-06-23T10:30:09,1000.0,7.42,B
2021-06-23T10:30:09,1000.0,7.42,B
2021-06-23T10:30:09,1000.0,7.42,B
2021-06-23T10:29:57,400.0,7.42,S
2021-06-23T10:29:56,4400.0,7.42,S
2021-06-23T10:29:51,500.0,7.43,B
2021-06-23T10:29:26,500.0,7.43,B
2021-06-23T10:29:17,1000.0,7.43,B
2021-06-23T10:29:16,4000.0,7.43,B
2021-06-23T10:29:00,2000.0,7.43,S
2021-06-23T10:28:19,10000.0,7.43,S
2021-06-23T10:28:06,700.0,7.44,S
2021-06-23T10:28:00,1200.0,7.45,B
2021-06-23T10:27:45,100.0,7.45,B
2021-06-23T10:26:21,700.0,7.45,B
2021-06-23T10:25:37,100.0,7.45,B
2021-06-23T10:25:18,1000.0,7.45,S
2021-06-23T10:25:08,1000.0,7.45,S
2021-06-23T10:25:06,1000.0,7.45,S
2021-06-23T10:25:06,700.0,7.45,S
2021-06-23T10:24:50,1000.0,7.45,S
2021-06-23T10:24:48,5000.0,7.45,S
2021-06-23T10:24:29,1000.0,7.45,S
2021-06-23T10:24:14,700.0,7.45,S
2021-06-23T10:24:13,1000.0,7.45,S
2021-06-23T10:24:12,1000.0,7.45,S
2021-06-23T10:24:07,2500.0,7.45,S
2021-06-23T10:23:49,1000.0,7.45,S
2021-06-23T10:23:45,1500.0,7.45,S
2021-06-23T10:23:38,1500.0,7.45,S
2021-06-23T10:23:28,1000.0,7.45,S
2021-06-23T10:23:08,1000.0,7.45,S
2021-06-23T10:23:02,500.0,7.45,S
2021-06-23T10:22:39,1000.0,7.45,S
2021-06-23T10:22:30,300.0,7.45,S
2021-06-23T10:22:24,8000.0,7.45,S
2021-06-23T10:22:15,1000.0,7.45,S
2021-06-23T10:22:12,100.0,7.45,S
2021-06-23T10:21:24,5000.0,7.45,S
2021-06-23T10:21:00,300.0,7.45,S
2021-06-23T10:20:15,400.0,7.45,S
2021-06-23T10:19:38,200.0,7.45,S
2021-06-23T10:19:26,100.0,7.49,B
2021-06-23T10:19:13,5200.0,7.43,S
2021-06-23T10:19:13,10400.0,7.43,S
2021-06-23T10:19:13,5300.0,7.44,S
2021-06-23T10:19:13,29100.0,7.44,S
2021-06-23T10:17:00,100.0,7.5,B
2021-06-23T10:16:54,100.0,7.45,B
2021-06-23T10:16:46,500.0,7.45,B
2021-06-23T10:16:39,1000.0,7.5,B
2021-06-23T10:16:38,1000.0,7.5,B
2021-06-23T10:16:38,1000.0,7.5,B
2021-06-23T10:16:38,1000.0,7.5,B
2021-06-23T10:16:37,1000.0,7.5,B
2021-06-23T10:16:37,2000.0,7.5,B
2021-06-23T10:16:37,1000.0,7.5,B
2021-06-23T10:16:36,2000.0,7.5,B
2021-06-23T10:16:36,2000.0,7.5,B
2021-06-23T10:16:35,1000.0,7.5,B
2021-06-23T10:16:35,1000.0,7.5,B
2021-06-23T10:16:34,2000.0,7.5,B
2021-06-23T10:16:34,2000.0,7.5,B
2021-06-23T10:16:34,800.0,7.5,B
2021-06-23T10:16:34,200.0,7.5,B
2021-06-23T10:16:33,1000.0,7.5,B
2021-06-23T10:16:33,300.0,7.5,B
2021-06-23T10:16:33,300.0,7.5,B
2021-06-23T10:16:33,1400.0,7.5,B
2021-06-23T10:16:33,1000.0,7.5,B
2021-06-23T10:16:33,1000.0,7.5,B
2021-06-23T10:16:33,2000.0,7.5,B
2021-06-23T10:16:33,800.0,7.5,B
2021-06-23T10:16:33,200.0,7.5,B
2021-06-23T10:16:33,1000.0,7.5,B
2021-06-23T10:16:33,1000.0,7.5,B
2021-06-23T10:16:32,1000.0,7.5,B
2021-06-23T10:16:32,2000.0,7.5,B
2021-06-23T10:16:32,2000.0,7.5,B
2021-06-23T10:16:32,1000.0,7.49,B
2021-06-23T10:16:31,1000.0,7.49,B
2021-06-23T10:16:30,1000.0,7.49,B
2021-06-23T10:16:30,1500.0,7.44,S
2021-06-23T10:16:30,2000.0,7.49,B
2021-06-23T10:16:30,2000.0,7.49,B
2021-06-23T10:16:30,2000.0,7.49,B
2021-06-23T10:16:29,1000.0,7.49,B
2021-06-23T10:16:29,1000.0,7.49,B
2021-06-23T10:16:28,2000.0,7.49,B
2021-06-23T10:16:28,1000.0,7.49,B
2021-06-23T10:16:27,1000.0,7.49,B
2021-06-23T10:16:26,1000.0,7.49,B
2021-06-23T10:16:26,1000.0,7.49,B
2021-06-23T10:16:26,1000.0,7.49,B
2021-06-23T10:16:26,1000.0,7.49,B
2021-06-23T10:16:26,1000.0,7.49,B
2021-06-23T10:16:25,1000.0,7.49,B
2021-06-23T10:16:25,1000.0,7.49,B
2021-06-23T10:16:25,1000.0,7.49,B
2021-06-23T10:16:24,1000.0,7.49,B
2021-06-23T10:16:24,1000.0,7.49,B
2021-06-23T10:16:24,2000.0,7.49,B
2021-06-23T10:16:23,2000.0,7.49,B
2021-06-23T10:16:23,1000.0,7.49,B
2021-06-23T10:16:23,1000.0,7.49,B
2021-06-23T10:16:22,2000.0,7.49,B
2021-06-23T10:16:22,2000.0,7.49,B
2021-06-23T10:16:21,700.0,7.49,B
2021-06-23T10:16:21,300.0,7.49,B
2021-06-23T10:16:21,300.0,7.49,B
2021-06-23T10:16:21,700.0,7.49,B
2021-06-23T10:16:21,2000.0,7.49,B
2021-06-23T10:16:20,1000.0,7.48,B
2021-06-23T10:16:20,1000.0,7.48,B
2021-06-23T10:16:20,2000.0,7.48,B
2021-06-23T10:16:19,1000.0,7.48,B
2021-06-23T10:16:18,2000.0,7.48,B
2021-06-23T10:16:18,1000.0,7.48,B
2021-06-23T10:16:17,700.0,7.48,B
2021-06-23T10:16:17,300.0,7.48,B
2021-06-23T10:16:17,2000.0,7.48,B
2021-06-23T10:16:17,1000.0,7.45,B
2021-06-23T10:16:17,2000.0,7.45,B
2021-06-23T10:16:17,3000.0,7.45,B
2021-06-23T10:16:16,2000.0,7.45,B
2021-06-23T10:16:16,1000.0,7.45,B
2021-06-23T10:16:16,2000.0,7.45,B
2021-06-23T10:16:15,1000.0,7.45,B
2021-06-23T10:16:15,1000.0,7.45,B
2021-06-23T10:16:15,2000.0,7.45,B
2021-06-23T10:16:14,1200.0,7.45,B
2021-06-23T10:16:14,1000.0,7.45,B
2021-06-23T10:16:14,2000.0,7.45,B
2021-06-23T10:16:13,1000.0,7.45,B
2021-06-23T10:16:13,1000.0,7.45,B
2021-06-23T10:16:13,1000.0,7.45,B
2021-06-23T10:16:13,300.0,7.45,B
2021-06-23T10:16:12,700.0,7.45,B
2021-06-23T10:16:12,2000.0,7.45,B
2021-06-23T10:16:12,1000.0,7.45,B
2021-06-23T10:16:12,2000.0,7.45,B
2021-06-23T10:16:12,1000.0,7.45,B
2021-06-23T10:16:11,2000.0,7.45,B
2021-06-23T10:16:10,1000.0,7.45,B
2021-06-23T10:16:10,1000.0,7.45,B
2021-06-23T10:16:10,1000.0,7.45,B
2021-06-23T10:16:10,2000.0,7.45,B
2021-06-23T10:16:09,1000.0,7.45,B
2021-06-23T10:16:09,2900.0,7.44,S
2021-06-23T10:16:09,18100.0,7.44,S
2021-06-23T10:16:09,1000.0,7.45,B
2021-06-23T10:16:08,2000.0,7.45,B
2021-06-23T10:16:08,100.0,7.44,S
2021-06-23T10:16:08,2000.0,7.45,B
2021-06-23T10:16:07,3000.0,7.45,B
2021-06-23T10:16:06,1000.0,7.45,B
2021-06-23T10:16:06,2000.0,7.45,B
2021-06-23T10:16:05,1000.0,7.45,B
2021-06-23T10:16:04,1000.0,7.45,B
2021-06-23T10:16:04,1000.0,7.45,B
2021-06-23T10:16:04,1000.0,7.45,B
2021-06-23T10:16:04,1000.0,7.45,B
2021-06-23T10:16:03,1000.0,7.45,B
2021-06-23T10:16:03,1000.0,7.45,B
2021-06-23T10:16:02,2000.0,7.45,B
2021-06-23T10:16:02,2000.0,7.45,B
2021-06-23T10:16:02,1000.0,7.45,B
2021-06-23T10:16:02,1000.0,7.45,B
2021-06-23T10:16:01,2000.0,7.45,B
2021-06-23T10:16:01,1000.0,7.45,B
2021-06-23T10:15:57,2000.0,7.44,S
2021-06-23T10:15:12,900.0,7.45,B
2021-06-23T10:15:03,1000.0,7.44,S
2021-06-23T10:14:33,100.0,7.45,B
2021-06-23T10:14:00,100.0,7.45,B
2021-06-23T10:13:33,200.0,7.45,B
2021-06-23T10:13:18,200.0,7.45,B
2021-06-23T10:13:03,100.0,7.45,B
2021-06-23T10:12:54,500.0,7.45,S
2021-06-23T10:12:46,1800.0,7.45,S
2021-06-23T10:12:41,2000.0,7.45,S
2021-06-23T10:12:38,4900.0,7.45,S
2021-06-23T10:12:29,12300.0,7.48,B
2021-06-23T10:12:29,5300.0,7.48,B
2021-06-23T10:12:29,2400.0,7.48,B
2021-06-23T10:12:01,5000.0,7.45,S
2021-06-23T10:11:49,2000.0,7.48,B
2021-06-23T10:11:47,12000.0,7.48,B
2021-06-23T10:11:36,2000.0,7.48,B
2021-06-23T10:11:16,100.0,7.48,B
2021-06-23T10:11:16,200.0,7.48,B
2021-06-23T10:11:15,300.0,7.47,B
2021-06-23T10:11:15,100.0,7.47,B
2021-06-23T10:11:15,100.0,7.47,B
2021-06-23T10:11:07,17600.0,7.45,B
2021-06-23T10:10:58,700.0,7.45,B
2021-06-23T10:10:49,500.0,7.45,B
2021-06-23T10:10:35,2400.0,7.45,S
2021-06-23T10:10:33,100.0,7.45,S
2021-06-23T10:09:39,3000.0,7.48,B
2021-06-23T10:09:16,500.0,7.48,B
2021-06-23T10:09:08,500.0,7.48,B
2021-06-23T10:08:57,4900.0,7.48,B
2021-06-23T10:08:53,400.0,7.48,B
2021-06-23T10:08:36,400.0,7.48,B
2021-06-23T10:07:54,3000.0,7.48,B
2021-06-23T10:07:54,1000.0,7.48,B
2021-06-23T10:07:53,2000.0,7.48,B
2021-06-23T10:07:53,2000.0,7.47,B
2021-06-23T10:07:53,1000.0,7.45,B
2021-06-23T10:07:53,200.0,7.44,S
2021-06-23T10:07:46,100.0,7.45,B
2021-06-23T10:07:20,3400.0,7.44,S
2021-06-23T10:06:22,100.0,7.44,B
2021-06-23T10:06:18,7200.0,7.44,B
2021-06-23T10:06:00,1000.0,7.43,B
2021-06-23T10:05:55,500.0,7.43,B
2021-06-23T10:05:36,4500.0,7.43,B
2021-06-23T10:05:36,103200.0,7.43,B
2021-06-23T10:05:36,12300.0,7.42,B
2021-06-23T10:05:26,1000.0,7.42,B
2021-06-23T10:05:24,100.0,7.42,B
2021-06-23T10:05:22,200.0,7.42,B
2021-06-23T10:05:22,6000.0,7.42,B
2021-06-23T10:05:15,100.0,7.42,B
2021-06-23T10:05:14,400.0,7.41,S
2021-06-23T10:05:08,800.0,7.42,B
2021-06-23T10:05:08,4000.0,7.42,B
2021-06-23T10:05:08,200.0,7.42,B
2021-06-23T10:05:06,1200.0,7.42,B
2021-06-23T10:05:03,100.0,7.42,B
2021-06-23T10:04:25,22000.0,7.42,B
2021-06-23T10:03:50,2000.0,7.41,S
2021-06-23T10:03:42,100.0,7.41,S
2021-06-23T10:03:30,2000.0,7.42,B
2021-06-23T10:03:17,200.0,7.42,B
2021-06-23T10:03:06,200.0,7.42,B
2021-06-23T10:02:45,1000.0,7.42,B
2021-06-23T10:02:07,300.0,7.42,B
2021-06-23T10:02:03,10000.0,7.42,B
2021-06-23T10:01:59,1800.0,7.42,B
2021-06-23T10:01:50,800.0,7.42,B
2021-06-23T10:01:49,5000.0,7.42,B
2021-06-23T10:01:48,1000.0,7.42,B
2021-06-23T10:01:31,1000.0,7.42,B
2021-06-23T10:01:24,3000.0,7.42,B
2021-06-23T10:01:22,14400.0,7.42,B
2021-06-23T10:01:22,5600.0,7.42,B
2021-06-23T10:01:01,1500.0,7.42,B
2021-06-23T10:00:54,400.0,7.42,B
2021-06-23T10:00:45,500.0,7.42,B
2021-06-23T10:00:38,42000.0,7.42,S
2021-06-23T10:00:29,600.0,7.43,B
2021-06-23T10:00:27,2600.0,7.43,B
2021-06-23T10:00:18,1000.0,7.42,S
2021-06-23T09:59:55,1000.0,7.42,S
2021-06-23T09:59:38,3000.0,7.42,S
2021-06-23T09:59:26,2900.0,7.42,S
2021-06-23T09:59:19,8000.0,7.42,B
2021-06-23T09:59:13,400.0,7.42,B
2021-06-23T09:59:02,20000.0,7.42,B
2021-06-23T09:58:50,2000.0,7.41,S
2021-06-23T09:58:38,900.0,7.41,S
2021-06-23T09:58:31,400.0,7.42,B
2021-06-23T09:58:23,200.0,7.41,B
2021-06-23T09:58:20,6900.0,7.41,B
2021-06-23T09:58:05,100.0,7.41,B
2021-06-23T09:57:49,3000.0,7.41,B
2021-06-23T09:57:33,200.0,7.4,S
2021-06-23T09:57:31,100.0,7.4,S
2021-06-23T09:57:30,3000.0,7.4,S
2021-06-23T09:57:30,2000.0,7.4,S
2021-06-23T09:57:16,100.0,7.4,S
2021-06-23T09:56:59,1600.0,7.4,B
2021-06-23T09:56:58,100.0,7.4,B
2021-06-23T09:56:56,100.0,7.4,B
2021-06-23T09:56:52,200.0,7.4,B
2021-06-23T09:56:46,2000.0,7.4,B
2021-06-23T09:56:26,100.0,7.4,B
2021-06-23T09:56:23,2700.0,7.4,B
2021-06-23T09:56:13,4800.0,7.39,B
2021-06-23T09:56:07,2000.0,7.39,S
2021-06-23T09:56:07,100.0,7.39,S
2021-06-23T09:56:05,100.0,7.39,S
2021-06-23T09:56:04,1000.0,7.39,S
2021-06-23T09:56:03,12000.0,7.39,S
2021-06-23T09:55:56,1700.0,7.4,B
2021-06-23T09:55:50,1900.0,7.4,B
2021-06-23T09:55:50,2300.0,7.4,B
2021-06-23T09:55:50,5000.0,7.4,B
2021-06-23T09:55:50,2000.0,7.4,B
2021-06-23T09:55:50,8800.0,7.4,B
2021-06-23T09:55:46,10000.0,7.4,B
2021-06-23T09:55:33,100.0,7.4,B
2021-06-23T09:55:31,1000.0,7.4,B
2021-06-23T09:55:30,5200.0,7.39,S
2021-06-23T09:55:25,300.0,7.4,B
2021-06-23T09:55:21,14000.0,7.39,B
2021-06-23T09:55:21,1000.0,7.39,B
2021-06-23T09:55:09,1000.0,7.4,B
2021-06-23T09:55:08,50000.0,7.4,B
2021-06-23T09:55:06,500.0,7.39,S
2021-06-23T09:55:03,15000.0,7.39,S
2021-06-23T09:54:53,300.0,7.4,B
2021-06-23T09:54:53,100.0,7.4,B
2021-06-23T09:54:49,100.0,7.39,S
2021-06-23T09:54:47,2000.0,7.4,B
2021-06-23T09:54:47,2000.0,7.4,B
2021-06-23T09:54:44,100.0,7.39,S
2021-06-23T09:54:40,100.0,7.4,B
2021-06-23T09:54:33,500.0,7.4,B
2021-06-23T09:54:26,1100.0,7.4,B
2021-06-23T09:54:24,500.0,7.4,B
2021-06-23T09:54:23,100.0,7.4,B
2021-06-23T09:54:15,1000.0,7.4,B
2021-06-23T09:54:09,5000.0,7.4,B
2021-06-23T09:54:05,100.0,7.4,B
2021-06-23T09:54:01,200.0,7.4,B
2021-06-23T09:54:00,400.0,7.39,S
2021-06-23T09:53:59,5300.0,7.39,S
2021-06-23T09:53:59,200.0,7.39,S
2021-06-23T09:53:43,100.0,7.4,B
2021-06-23T09:53:34,500.0,7.4,B
2021-06-23T09:53:22,200.0,7.4,S
2021-06-23T09:53:22,22700.0,7.4,S
2021-06-23T09:53:22,700.0,7.4,S
2021-06-23T09:53:22,10000.0,7.4,S
2021-06-23T09:53:20,1500.0,7.4,S
2021-06-23T09:53:20,8500.0,7.4,S
2021-06-23T09:53:20,39100.0,7.4,S
2021-06-23T09:53:20,31800.0,7.4,S
2021-06-23T09:53:01,30000.0,7.4,S
2021-06-23T09:52:58,1000.0,7.42,B
2021-06-23T09:52:50,21100.0,7.4,S
2021-06-23T09:52:50,6600.0,7.4,S
2021-06-23T09:52:50,2000.0,7.4,S
2021-06-23T09:52:50,4200.0,7.4,S
2021-06-23T09:52:50,2100.0,7.4,S
2021-06-23T09:52:50,3000.0,7.4,S
2021-06-23T09:52:50,6200.0,7.4,S
2021-06-23T09:52:50,500.0,7.4,S
2021-06-23T09:52:50,1000.0,7.4,S
2021-06-23T09:52:50,14700.0,7.4,S
2021-06-23T09:52:50,100.0,7.4,S
2021-06-23T09:52:50,10700.0,7.4,S
2021-06-23T09:52:50,300.0,7.4,S
2021-06-23T09:52:50,7100.0,7.4,S
2021-06-23T09:52:50,20400.0,7.4,S
2021-06-23T09:52:43,20000.0,7.42,B
2021-06-23T09:52:41,43500.0,7.4,S
2021-06-23T09:52:41,6500.0,7.4,S
2021-06-23T09:52:39,1100.0,7.41,S
2021-06-23T09:52:33,4000.0,7.41,S
2021-06-23T09:52:29,1200.0,7.41,S
2021-06-23T09:52:29,100.0,7.41,S
2021-06-23T09:52:29,3900.0,7.41,S
2021-06-23T09:52:20,2000.0,7.41,S
2021-06-23T09:52:13,15000.0,7.41,S
2021-06-23T09:52:11,8800.0,7.41,S
2021-06-23T09:52:11,1200.0,7.41,S
2021-06-23T09:51:54,300.0,7.42,B
2021-06-23T09:51:41,19200.0,7.41,S
2021-06-23T09:51:38,100.0,7.42,B
2021-06-23T09:51:31,300.0,7.42,B
2021-06-23T09:51:26,500.0,7.42,B
2021-06-23T09:51:00,200.0,7.42,B
2021-06-23T09:50:58,500.0,7.41,S
2021-06-23T09:50:43,2100.0,7.41,S
2021-06-23T09:50:40,700.0,7.41,S
2021-06-23T09:50:37,5600.0,7.41,S
2021-06-23T09:50:36,2000.0,7.41,S
2021-06-23T09:50:30,1300.0,7.41,S
2021-06-23T09:50:16,1000.0,7.41,S
2021-06-23T09:50:04,1000.0,7.41,S
2021-06-23T09:50:04,3400.0,7.41,S
2021-06-23T09:50:03,300.0,7.42,B
2021-06-23T09:50:03,200.0,7.42,B
2021-06-23T09:49:34,500.0,7.42,B
2021-06-23T09:49:29,2000.0,7.41,S
2021-06-23T09:49:21,1000.0,7.42,B
2021-06-23T09:49:05,1600.0,7.41,S
2021-06-23T09:49:03,200.0,7.42,B
2021-06-23T09:48:50,500.0,7.42,S
2021-06-23T09:48:43,5700.0,7.42,S
2021-06-23T09:48:43,5800.0,7.42,S
2021-06-23T09:48:43,200.0,7.42,S
2021-06-23T09:48:43,25000.0,7.42,S
2021-06-23T09:48:24,5000.0,7.42,S
2021-06-23T09:48:01,100.0,7.43,S
2021-06-23T09:47:50,100.0,7.43,S
2021-06-23T09:47:46,500.0,7.43,S
2021-06-23T09:47:44,1000.0,7.43,S
2021-06-23T09:47:32,200.0,7.43,S
2021-06-23T09:47:18,7300.0,7.43,B
2021-06-23T09:47:15,200.0,7.42,S
2021-06-23T09:47:08,200.0,7.43,B
2021-06-23T09:46:58,20000.0,7.42,S
2021-06-23T09:46:48,1000.0,7.42,S
2021-06-23T09:46:47,200.0,7.43,B
2021-06-23T09:46:45,2300.0,7.43,B
2021-06-23T09:46:39,700.0,7.43,B
2021-06-23T09:46:09,9900.0,7.43,B
2021-06-23T09:46:03,100.0,7.42,S
2021-06-23T09:45:44,1000.0,7.42,S
2021-06-23T09:45:41,700.0,7.42,S
2021-06-23T09:45:39,2500.0,7.42,S
2021-06-23T09:45:01,1900.0,7.42,S
2021-06-23T09:45:00,3100.0,7.42,S
2021-06-23T09:44:54,500.0,7.43,B
2021-06-23T09:44:45,4000.0,7.42,S
2021-06-23T09:44:33,1000.0,7.42,S
2021-06-23T09:44:16,100.0,7.43,S
2021-06-23T09:44:11,20000.0,7.43,S
2021-06-23T09:44:00,500.0,7.44,B
2021-06-23T09:43:50,3300.0,7.42,S
2021-06-23T09:43:50,200.0,7.42,S
2021-06-23T09:43:50,1100.0,7.42,S
2021-06-23T09:43:50,2000.0,7.42,S
2021-06-23T09:43:50,1300.0,7.42,S
2021-06-23T09:43:50,1000.0,7.42,S
2021-06-23T09:43:50,900.0,7.42,S
2021-06-23T09:43:50,6000.0,7.42,S
2021-06-23T09:43:50,600.0,7.42,S
2021-06-23T09:43:50,1000.0,7.43,S
2021-06-23T09:43:50,1700.0,7.43,S
2021-06-23T09:43:50,12800.0,7.43,S
2021-06-23T09:43:50,500.0,7.43,S
2021-06-23T09:43:50,1200.0,7.43,S
2021-06-23T09:43:50,2600.0,7.44,S
2021-06-23T09:43:50,100.0,7.44,S
2021-06-23T09:43:50,6900.0,7.44,S
2021-06-23T09:43:50,3100.0,7.44,S
2021-06-23T09:43:50,500.0,7.44,S
2021-06-23T09:43:49,3200.0,7.44,S
2021-06-23T09:43:49,100.0,7.45,B
2021-06-23T09:43:32,300.0,7.44,S
2021-06-23T09:43:30,10000.0,7.44,S
2021-06-23T09:43:11,1000.0,7.44,S
2021-06-23T09:42:49,500.0,7.45,S
2021-06-23T09:42:48,1000.0,7.45,S
2021-06-23T09:42:42,300.0,7.45,S
2021-06-23T09:42:32,5000.0,7.45,S
2021-06-23T09:42:32,500.0,7.45,S
2021-06-23T09:42:31,600.0,7.45,S
2021-06-23T09:42:29,1000.0,7.45,S
2021-06-23T09:42:19,300.0,7.45,S
2021-06-23T09:42:14,1000.0,7.45,S
2021-06-23T09:41:58,400.0,7.45,S
2021-06-23T09:41:28,200.0,7.45,B
2021-06-23T09:41:13,200.0,7.45,B
2021-06-23T09:41:09,200.0,7.45,B
2021-06-23T09:41:05,1100.0,7.45,B
2021-06-23T09:41:03,5000.0,7.45,B
2021-06-23T09:41:01,900.0,7.45,B
2021-06-23T09:40:45,3000.0,7.44,S
2021-06-23T09:40:41,1000.0,7.45,B
2021-06-23T09:40:26,3500.0,7.45,B
2021-06-23T09:40:26,200.0,7.45,B
2021-06-23T09:40:26,1300.0,7.45,B
2021-06-23T09:40:26,36300.0,7.44,S
2021-06-23T09:40:14,1000.0,7.45,B
2021-06-23T09:39:47,10000.0,7.45,B
2021-06-23T09:39:42,300.0,7.45,B
2021-06-23T09:39:30,1000.0,7.45,B
2021-06-23T09:39:25,1000.0,7.44,S
2021-06-23T09:39:07,500.0,7.45,B
2021-06-23T09:38:47,3500.0,7.44,S
2021-06-23T09:38:40,200.0,7.44,S
2021-06-23T09:38:36,100.0,7.44,S
2021-06-23T09:38:33,11400.0,7.45,B
2021-06-23T09:38:33,38600.0,7.45,B
2021-06-23T09:38:30,500.0,7.44,S
2021-06-23T09:38:18,1000.0,7.44,S
2021-06-23T09:38:12,1000.0,7.44,S
2021-06-23T09:38:05,200.0,7.44,S
2021-06-23T09:38:03,200.0,7.44,S
2021-06-23T09:37:46,200.0,7.44,S
2021-06-23T09:37:40,100.0,7.44,S
2021-06-23T09:37:40,11400.0,7.44,S
2021-06-23T09:37:28,700.0,7.44,S
2021-06-23T09:37:23,900.0,7.44,S
2021-06-23T09:37:11,1000.0,7.45,B
2021-06-23T09:37:04,10000.0,7.44,S
2021-06-23T09:36:52,7000.0,7.44,S
2021-06-23T09:36:42,3200.0,7.45,B
2021-06-23T09:36:39,4900.0,7.44,S
2021-06-23T09:36:39,100.0,7.44,S
2021-06-23T09:36:39,300.0,7.45,B
2021-06-23T09:36:37,1100.0,7.45,B
2021-06-23T09:36:37,1000.0,7.44,S
2021-06-23T09:36:32,300.0,7.45,B
2021-06-23T09:36:17,100.0,7.45,S
2021-06-23T09:36:17,100.0,7.45,S
2021-06-23T09:36:11,5000.0,7.45,S
2021-06-23T09:36:10,300.0,7.45,S
2021-06-23T09:35:59,2000.0,7.45,S
2021-06-23T09:35:50,600.0,7.45,S
2021-06-23T09:35:33,5000.0,7.45,S
2021-06-23T09:35:28,1000.0,7.45,S
2021-06-23T09:35:21,200.0,7.45,S
2021-06-23T09:35:19,200.0,7.45,S
2021-06-23T09:35:08,300.0,7.45,S
2021-06-23T09:35:05,300.0,7.45,S
2021-06-23T09:35:01,600.0,7.45,S
2021-06-23T09:34:53,2700.0,7.45,S
2021-06-23T09:34:52,200.0,7.45,S
2021-06-23T09:34:44,10800.0,7.45,B
2021-06-23T09:34:42,100.0,7.46,B
2021-06-23T09:34:21,1700.0,7.45,B
2021-06-23T09:34:09,45000.0,7.44,S
2021-06-23T09:34:08,1000.0,7.44,S
2021-06-23T09:34:06,500.0,7.45,B
2021-06-23T09:33:55,1200.0,7.44,S
2021-06-23T09:33:51,1000.0,7.45,B
2021-06-23T09:33:49,5000.0,7.45,B
2021-06-23T09:33:47,2500.0,7.44,S
2021-06-23T09:33:32,100.0,7.45,B
2021-06-23T09:33:16,600.0,7.44,B
2021-06-23T09:32:59,100.0,7.44,B
2021-06-23T09:32:49,1000.0,7.44,B
2021-06-23T09:32:48,23900.0,7.44,B
2021-06-23T09:32:41,1000.0,7.44,B
2021-06-23T09:32:19,1000.0,7.44,B
2021-06-23T09:32:00,15000.0,7.44,B
2021-06-23T09:31:29,100.0,7.44,B
2021-06-23T09:31:27,200.0,7.44,B
2021-06-23T09:31:25,300.0,7.44,B
2021-06-23T09:31:22,300.0,7.43,S
2021-06-23T09:31:04,3700.0,7.44,B
2021-06-23T09:30:57,100.0,7.44,S
2021-06-23T09:30:44,1700.0,7.44,S
2021-06-23T09:30:39,1600.0,7.44,S
2021-06-23T09:30:36,300.0,7.44,S
2021-06-23T09:30:33,400.0,7.44,S
2021-06-23T09:30:19,9300.0,7.44,S
2021-06-23T09:30:19,3400.0,7.43,S
2021-06-23T09:30:19,8100.0,7.43,S
2021-06-23T09:30:19,500.0,7.43,S
2021-06-23T09:30:07,2500.0,7.44,S
2021-06-23T09:30:03,1000.0,7.44,S
2021-06-23T09:29:54,100.0,7.44,S
2021-06-23T09:29:54,100.0,7.44,S
2021-06-23T09:29:53,1000.0,7.45,B
2021-06-23T09:29:45,1000.0,7.45,B
2021-06-23T09:29:37,1000.0,7.44,S
2021-06-23T09:29:15,3800.0,7.44,S
2021-06-23T09:29:15,600.0,7.44,S
2021-06-23T09:29:15,21200.0,7.44,S
2021-06-23T09:29:15,4000.0,7.45,B
2021-06-23T09:29:07,700.0,7.44,S
2021-06-23T09:28:53,3300.0,7.45,B
2021-06-23T09:28:39,800.0,7.44,S
2021-06-23T09:28:31,800.0,7.45,B
2021-06-23T09:28:11,1000.0,7.45,B
2021-06-23T09:28:11,35400.0,7.45,B
2021-06-23T09:28:10,14600.0,7.45,B
2021-06-23T09:28:06,500.0,7.45,B
2021-06-23T09:28:06,7000.0,7.45,B
2021-06-23T09:27:48,6000.0,7.45,B
2021-06-23T09:27:38,100.0,7.45,B
2021-06-23T09:27:31,300.0,7.44,S
2021-06-23T09:27:31,3000.0,7.44,S
2021-06-23T09:27:13,200.0,7.45,B
2021-06-23T09:27:08,1500.0,7.43,S
2021-06-23T09:27:08,3000.0,7.43,S
2021-06-23T09:27:08,1800.0,7.43,S
2021-06-23T09:27:08,400.0,7.44,S
2021-06-23T09:27:08,3300.0,7.44,S
2021-06-23T09:27:04,100.0,7.45,B
2021-06-23T09:26:46,1000.0,7.45,B
2021-06-23T09:26:42,100.0,7.45,B
2021-06-23T09:26:37,600.0,7.45,B
2021-06-23T09:26:21,8000.0,7.47,B
2021-06-23T09:26:12,2700.0,7.47,B
2021-06-23T09:26:12,11100.0,7.47,B
2021-06-23T09:26:12,4000.0,7.46,B
2021-06-23T09:26:12,11400.0,7.46,B
2021-06-23T09:26:12,20800.0,7.45,B
2021-06-23T09:26:10,1000.0,7.45,B
2021-06-23T09:26:05,8200.0,7.45,S
2021-06-23T09:25:59,8000.0,7.45,S
2021-06-23T09:25:54,6400.0,7.45,S
2021-06-23T09:25:54,7000.0,7.45,S
2021-06-23T09:25:54,100.0,7.45,S
2021-06-23T09:25:54,500.0,7.45,S
2021-06-23T09:25:54,6000.0,7.45,S
2021-06-23T09:25:53,1000.0,7.46,B
2021-06-23T09:25:51,500.0,7.46,B
2021-06-23T09:25:30,11800.0,7.46,S
2021-06-23T09:25:27,2000.0,7.47,B
2021-06-23T09:25:17,100.0,7.46,S
2021-06-23T09:24:54,800.0,7.46,S
2021-06-23T09:24:45,600.0,7.46,S
2021-06-23T09:24:25,1100.0,7.47,B
2021-06-23T09:24:25,3000.0,7.47,B
2021-06-23T09:24:16,500.0,7.47,B
2021-06-23T09:24:07,100.0,7.47,B
2021-06-23T09:24:02,2000.0,7.46,S
2021-06-23T09:23:57,5000.0,7.47,B
2021-06-23T09:23:56,1400.0,7.46,S
2021-06-23T09:23:52,1600.0,7.46,S
2021-06-23T09:23:46,100.0,7.47,B
2021-06-23T09:23:23,500.0,7.47,B
2021-06-23T09:23:13,1500.0,7.47,B
2021-06-23T09:23:04,500.0,7.47,B
2021-06-23T09:22:29,500.0,7.47,B
2021-06-23T09:22:29,100.0,7.47,B
2021-06-23T09:22:24,2100.0,7.46,S
2021-06-23T09:22:20,7000.0,7.46,S
2021-06-23T09:21:51,1000.0,7.47,B
2021-06-23T09:21:40,2000.0,7.46,S
2021-06-23T09:21:39,100.0,7.47,B
2021-06-23T09:21:13,1000.0,7.47,B
2021-06-23T09:20:54,100.0,7.47,S
2021-06-23T09:20:51,100.0,7.47,S
2021-06-23T09:20:25,3000.0,7.46,S
2021-06-23T09:20:07,20000.0,7.5,B
2021-06-23T09:20:00,300.0,7.5,B
2021-06-23T09:20:00,600.0,7.5,B
2021-06-23T09:19:59,100.0,7.48,B
2021-06-23T09:19:55,200.0,7.46,S
2021-06-23T09:19:37,1200.0,7.46,S
2021-06-23T09:19:37,3600.0,7.46,S
2021-06-23T09:19:37,10000.0,7.46,S
2021-06-23T09:19:35,2000.0,7.47,S
2021-06-23T09:19:34,100.0,7.48,B
2021-06-23T09:19:30,2000.0,7.47,S
2021-06-23T09:19:05,50000.0,7.45,S
2021-06-23T09:19:04,200.0,7.47,B
2021-06-23T09:18:58,3000.0,7.47,B
2021-06-23T09:18:52,100.0,7.47,B
2021-06-23T09:18:46,2000.0,7.45,S
2021-06-23T09:18:43,1000.0,7.45,S
2021-06-23T09:18:00,3000.0,7.45,S
2021-06-23T09:17:36,400.0,7.45,S
2021-06-23T09:17:35,100.0,7.45,S
2021-06-23T09:17:30,3000.0,7.45,B
2021-06-23T09:17:29,300.0,7.45,B
2021-06-23T09:17:28,2900.0,7.45,B
2021-06-23T09:17:24,1000.0,7.45,B
2021-06-23T09:17:23,900.0,7.43,S
2021-06-23T09:16:53,200.0,7.42,S
2021-06-23T09:16:53,5000.0,7.42,S
2021-06-23T09:16:51,1900.0,7.42,S
2021-06-23T09:16:51,5000.0,7.42,S
2021-06-23T09:16:51,2100.0,7.42,S
2021-06-23T09:16:51,1000.0,7.43,S
2021-06-23T09:16:50,10000.0,7.43,S
2021-06-23T09:16:48,300.0,7.45,B
2021-06-23T09:16:48,1000.0,7.43,S
2021-06-23T09:16:46,500.0,7.45,B
2021-06-23T09:16:45,1000.0,7.45,B
2021-06-23T09:16:42,800.0,7.45,S
2021-06-23T09:16:42,2300.0,7.45,S
2021-06-23T09:16:42,1200.0,7.45,S
2021-06-23T09:16:33,1000.0,7.45,S
2021-06-23T09:16:31,700.0,7.45,S
2021-06-23T09:16:29,200.0,7.45,S
2021-06-23T09:16:24,400.0,7.45,S
2021-06-23T09:16:17,1100.0,7.45,B
2021-06-23T09:16:14,500.0,7.45,B
2021-06-23T09:16:13,100.0,7.45,B
2021-06-23T09:16:05,200.0,7.45,B
2021-06-23T09:16:00,500.0,7.45,B
2021-06-23T09:15:51,200.0,7.43,S
2021-06-23T09:15:50,600.0,7.45,B
