tradingTime,volume,price,side
2021-06-23T14:21:38,200.0,106.8,B
2021-06-23T14:21:23,1000.0,106.8,B
2021-06-23T14:21:09,400.0,106.8,B
2021-06-23T14:20:21,400.0,106.8,B
2021-06-23T14:19:45,400.0,106.8,B
2021-06-23T14:19:11,100.0,106.7,S
2021-06-23T14:18:56,400.0,106.8,B
2021-06-23T14:18:42,100.0,106.7,S
2021-06-23T14:18:42,200.0,106.7,S
2021-06-23T14:18:42,500.0,106.7,S
2021-06-23T14:18:42,200.0,106.7,S
2021-06-23T14:17:55,100.0,106.8,S
2021-06-23T14:17:55,4100.0,106.8,S
2021-06-23T14:17:55,2600.0,106.8,S
2021-06-23T14:17:18,500.0,106.9,B
2021-06-23T14:16:35,100.0,106.9,B
2021-06-23T14:16:34,300.0,106.9,B
2021-06-23T14:16:11,100.0,106.9,B
2021-06-23T14:15:55,500.0,106.9,B
2021-06-23T14:15:45,300.0,106.9,B
2021-06-23T14:13:26,300.0,106.9,B
2021-06-23T14:12:48,400.0,106.9,B
2021-06-23T14:12:18,800.0,106.9,B
2021-06-23T14:12:06,100.0,106.8,B
2021-06-23T14:11:34,400.0,106.9,B
2021-06-23T14:11:26,100.0,106.8,B
2021-06-23T14:10:55,100.0,106.8,S
2021-06-23T14:10:31,1300.0,106.9,B
2021-06-23T14:10:15,300.0,106.8,B
2021-06-23T14:09:38,200.0,106.8,B
2021-06-23T14:09:33,500.0,106.7,S
2021-06-23T14:09:33,400.0,106.8,B
2021-06-23T14:09:10,200.0,106.8,B
2021-06-23T14:08:48,400.0,106.8,B
2021-06-23T14:07:54,900.0,106.6,S
2021-06-23T14:07:54,100.0,106.7,S
2021-06-23T14:07:54,300.0,106.8,B
2021-06-23T14:07:54,100.0,106.8,B
2021-06-23T14:06:53,100.0,106.8,B
2021-06-23T14:06:48,200.0,106.7,S
2021-06-23T14:06:11,1000.0,106.7,S
2021-06-23T14:06:00,400.0,106.8,B
2021-06-23T14:05:59,100.0,106.7,S
2021-06-23T14:05:17,500.0,106.7,S
2021-06-23T14:05:13,400.0,106.8,B
2021-06-23T14:04:56,400.0,106.7,S
2021-06-23T14:04:50,200.0,106.7,S
2021-06-23T14:04:45,200.0,106.7,S
2021-06-23T14:04:40,200.0,106.7,S
2021-06-23T14:04:36,200.0,106.7,S
2021-06-23T14:04:32,200.0,106.7,S
2021-06-23T14:04:28,200.0,106.7,S
2021-06-23T14:04:19,200.0,106.7,S
2021-06-23T14:04:15,400.0,106.9,B
2021-06-23T14:04:12,200.0,106.7,S
2021-06-23T14:04:08,200.0,106.7,S
2021-06-23T14:04:04,200.0,106.7,S
2021-06-23T14:03:09,200.0,106.7,S
2021-06-23T14:02:59,200.0,106.7,S
2021-06-23T14:02:55,200.0,106.7,S
2021-06-23T14:02:51,200.0,106.7,S
2021-06-23T14:02:47,200.0,106.7,S
2021-06-23T14:02:43,200.0,106.8,S
2021-06-23T14:02:38,200.0,106.7,S
2021-06-23T14:02:30,200.0,106.7,S
2021-06-23T14:02:26,200.0,106.7,S
2021-06-23T14:02:22,200.0,106.7,S
2021-06-23T14:02:17,200.0,106.7,S
2021-06-23T14:02:11,100.0,106.7,S
2021-06-23T14:02:11,100.0,106.7,S
2021-06-23T14:02:05,100.0,106.8,B
2021-06-23T14:01:51,500.0,106.8,S
2021-06-23T14:01:42,1700.0,106.8,B
2021-06-23T14:01:13,200.0,106.7,S
2021-06-23T14:00:52,500.0,106.8,B
2021-06-23T14:00:49,500.0,106.7,S
2021-06-23T14:00:40,400.0,106.7,S
2021-06-23T13:59:44,600.0,106.7,S
2021-06-23T13:59:09,200.0,106.7,S
2021-06-23T13:59:03,200.0,106.7,S
2021-06-23T13:58:54,200.0,106.7,S
2021-06-23T13:58:50,200.0,106.7,S
2021-06-23T13:58:48,200.0,106.7,S
2021-06-23T13:58:44,200.0,106.7,S
2021-06-23T13:58:39,200.0,106.7,S
2021-06-23T13:58:39,100.0,106.7,S
2021-06-23T13:58:37,200.0,106.7,S
2021-06-23T13:58:36,800.0,106.7,S
2021-06-23T13:58:34,200.0,106.7,S
2021-06-23T13:58:28,200.0,106.7,S
2021-06-23T13:58:24,200.0,106.7,S
2021-06-23T13:58:19,200.0,106.7,S
2021-06-23T13:57:55,800.0,106.7,S
2021-06-23T13:57:45,400.0,106.7,S
2021-06-23T13:57:40,200.0,106.7,S
2021-06-23T13:57:37,200.0,106.7,S
2021-06-23T13:57:31,200.0,106.7,S
2021-06-23T13:57:24,200.0,106.7,S
2021-06-23T13:57:20,200.0,106.7,S
2021-06-23T13:57:17,200.0,106.7,S
2021-06-23T13:57:07,200.0,106.7,S
2021-06-23T13:57:06,1300.0,106.8,S
2021-06-23T13:57:06,3300.0,106.8,S
2021-06-23T13:57:00,200.0,106.8,S
2021-06-23T13:56:57,1600.0,106.8,S
2021-06-23T13:56:51,200.0,106.8,S
2021-06-23T13:56:44,200.0,106.8,S
2021-06-23T13:56:39,500.0,106.8,S
2021-06-23T13:56:30,300.0,106.8,S
2021-06-23T13:56:06,700.0,106.8,S
2021-06-23T13:55:56,800.0,106.8,S
2021-06-23T13:55:50,500.0,106.8,S
2021-06-23T13:55:41,1300.0,106.8,S
2021-06-23T13:55:18,1100.0,106.8,S
2021-06-23T13:55:10,800.0,106.8,S
2021-06-23T13:54:54,1100.0,106.8,S
2021-06-23T13:54:26,1400.0,106.8,S
2021-06-23T13:54:16,800.0,106.8,S
2021-06-23T13:53:49,100.0,106.9,B
2021-06-23T13:53:49,900.0,106.9,B
2021-06-23T13:53:46,100.0,106.9,B
2021-06-23T13:52:58,100.0,106.9,B
2021-06-23T13:52:34,2800.0,106.9,B
2021-06-23T13:52:19,1000.0,106.9,B
2021-06-23T13:51:54,500.0,106.9,B
2021-06-23T13:51:52,200.0,106.9,B
2021-06-23T13:51:25,100.0,106.9,B
2021-06-23T13:50:20,100.0,106.9,B
2021-06-23T13:49:05,800.0,106.9,B
2021-06-23T13:49:00,1000.0,106.9,B
2021-06-23T13:48:49,100.0,106.9,B
2021-06-23T13:48:49,4000.0,106.9,B
2021-06-23T13:48:49,900.0,106.9,B
2021-06-23T13:48:43,500.0,106.9,B
2021-06-23T13:48:26,500.0,106.9,B
2021-06-23T13:48:16,500.0,106.9,B
2021-06-23T13:48:12,100.0,106.9,B
2021-06-23T13:47:20,400.0,106.9,B
2021-06-23T13:46:38,1000.0,106.9,B
2021-06-23T13:46:36,200.0,106.8,B
2021-06-23T13:46:35,100.0,106.8,B
2021-06-23T13:46:21,500.0,106.8,B
2021-06-23T13:45:55,100.0,106.8,S
2021-06-23T13:45:55,500.0,106.8,S
2021-06-23T13:45:55,1700.0,106.8,S
2021-06-23T13:45:02,800.0,106.9,B
2021-06-23T13:44:59,1000.0,106.9,B
2021-06-23T13:44:50,100.0,106.9,B
2021-06-23T13:44:34,300.0,106.8,S
2021-06-23T13:43:15,1000.0,106.9,B
2021-06-23T13:42:46,800.0,106.9,B
2021-06-23T13:42:06,100.0,107.0,B
2021-06-23T13:41:18,100.0,107.0,B
2021-06-23T13:40:51,200.0,107.0,B
2021-06-23T13:40:48,200.0,107.0,B
2021-06-23T13:38:16,800.0,107.0,B
2021-06-23T13:38:12,500.0,106.8,S
2021-06-23T13:38:00,100.0,106.9,S
2021-06-23T13:38:00,200.0,107.0,B
2021-06-23T13:37:33,500.0,106.9,B
2021-06-23T13:37:17,100.0,106.9,B
2021-06-23T13:37:16,100.0,106.8,S
2021-06-23T13:37:10,100.0,106.8,S
2021-06-23T13:37:10,1900.0,106.8,S
2021-06-23T13:36:31,300.0,106.9,S
2021-06-23T13:35:56,400.0,107.0,B
2021-06-23T13:34:40,800.0,107.0,B
2021-06-23T13:32:30,200.0,107.0,B
2021-06-23T13:32:29,100.0,107.0,B
2021-06-23T13:31:21,300.0,107.0,B
2021-06-23T13:30:46,800.0,107.0,B
2021-06-23T13:30:43,1500.0,106.9,B
2021-06-23T13:30:43,100.0,106.7,B
2021-06-23T13:30:27,100.0,106.7,S
2021-06-23T13:29:37,100.0,107.0,B
2021-06-23T13:29:37,500.0,107.0,B
2021-06-23T13:29:37,900.0,106.7,B
2021-06-23T13:29:36,100.0,106.7,B
2021-06-23T13:29:32,200.0,106.7,B
2021-06-23T13:29:25,5000.0,106.7,B
2021-06-23T13:29:15,300.0,106.7,B
2021-06-23T13:29:14,5000.0,106.7,B
2021-06-23T13:29:09,3000.0,106.7,B
2021-06-23T13:28:47,300.0,106.7,B
2021-06-23T13:28:35,6300.0,106.7,S
2021-06-23T13:28:32,100.0,107.0,B
2021-06-23T13:27:49,100.0,106.7,S
2021-06-23T13:27:14,100.0,107.0,B
2021-06-23T13:25:51,200.0,107.0,B
2021-06-23T13:24:49,800.0,107.0,B
2021-06-23T13:22:57,100.0,107.0,B
2021-06-23T13:22:32,700.0,106.8,S
2021-06-23T13:22:08,300.0,106.8,S
2021-06-23T13:21:28,1000.0,106.8,S
2021-06-23T13:21:15,600.0,107.0,S
2021-06-23T13:21:06,400.0,107.0,S
2021-06-23T13:20:53,200.0,107.0,B
2021-06-23T13:20:45,2000.0,107.0,B
2021-06-23T13:20:45,300.0,106.8,B
2021-06-23T13:20:45,3200.0,106.8,B
2021-06-23T13:20:15,1800.0,106.5,S
2021-06-23T13:19:40,1000.0,106.5,S
2021-06-23T13:19:28,300.0,106.6,S
2021-06-23T13:19:15,700.0,106.6,S
2021-06-23T13:19:15,500.0,106.5,S
2021-06-23T13:19:14,100.0,106.5,S
2021-06-23T13:19:03,2000.0,106.5,S
2021-06-23T13:18:55,100.0,106.5,S
2021-06-23T13:18:46,2000.0,106.5,S
2021-06-23T13:18:43,1000.0,106.5,S
2021-06-23T13:18:34,300.0,106.5,S
2021-06-23T13:18:18,1200.0,106.5,S
2021-06-23T13:17:56,1000.0,106.5,S
2021-06-23T13:17:52,2000.0,106.8,B
2021-06-23T13:17:45,200.0,106.5,S
2021-06-23T13:17:44,100.0,106.7,S
2021-06-23T13:17:32,1300.0,106.5,S
2021-06-23T13:17:30,100.0,106.8,B
2021-06-23T13:17:24,500.0,106.7,S
2021-06-23T13:17:24,300.0,106.7,S
2021-06-23T13:17:24,200.0,106.7,S
2021-06-23T13:17:22,800.0,106.7,S
2021-06-23T13:17:08,1300.0,106.7,S
2021-06-23T13:16:35,100.0,106.8,S
2021-06-23T13:16:34,1000.0,106.8,S
2021-06-23T13:16:28,100.0,106.8,S
2021-06-23T13:16:20,3800.0,106.8,S
2021-06-23T13:16:10,200.0,106.9,B
2021-06-23T13:16:05,1400.0,106.8,S
2021-06-23T13:15:59,900.0,106.9,B
2021-06-23T13:15:42,500.0,106.9,B
2021-06-23T13:14:52,200.0,106.9,B
2021-06-23T13:14:16,500.0,106.9,B
2021-06-23T13:14:12,100.0,106.9,B
2021-06-23T13:13:52,100.0,106.9,S
2021-06-23T13:13:47,700.0,106.9,S
2021-06-23T13:13:34,100.0,106.9,B
2021-06-23T13:13:22,100.0,106.9,B
2021-06-23T13:12:46,100.0,106.9,B
2021-06-23T13:12:41,800.0,106.8,S
2021-06-23T13:12:34,100.0,106.9,B
2021-06-23T13:12:32,900.0,106.9,B
2021-06-23T13:12:28,500.0,106.9,S
2021-06-23T13:12:25,6600.0,106.9,S
2021-06-23T13:12:08,300.0,107.0,B
2021-06-23T13:12:08,100.0,107.0,B
2021-06-23T13:12:02,200.0,107.0,B
2021-06-23T13:11:58,500.0,107.0,S
2021-06-23T13:11:52,1100.0,107.0,S
2021-06-23T13:11:52,3500.0,107.0,S
2021-06-23T13:11:52,700.0,107.1,S
2021-06-23T13:11:52,500.0,107.1,S
2021-06-23T13:11:52,1400.0,107.1,S
2021-06-23T13:09:57,200.0,107.1,S
2021-06-23T13:09:54,1000.0,107.4,B
2021-06-23T13:09:48,100.0,107.1,S
2021-06-23T13:09:41,2000.0,107.1,S
2021-06-23T13:07:46,100.0,107.4,B
2021-06-23T13:07:26,300.0,107.0,S
2021-06-23T13:06:27,200.0,107.0,B
2021-06-23T13:06:22,500.0,107.0,B
2021-06-23T13:06:12,100.0,107.0,B
2021-06-23T13:06:11,300.0,106.9,S
2021-06-23T13:05:34,1000.0,107.0,B
2021-06-23T13:05:12,1000.0,107.0,B
2021-06-23T13:05:00,100.0,107.0,B
2021-06-23T13:04:56,2400.0,107.0,B
2021-06-23T13:04:18,500.0,107.0,B
2021-06-23T13:04:04,400.0,106.9,S
2021-06-23T13:03:57,100.0,107.0,B
2021-06-23T13:03:45,600.0,107.0,S
2021-06-23T13:03:45,700.0,107.0,S
2021-06-23T13:03:45,700.0,107.0,S
2021-06-23T13:03:45,400.0,107.0,S
2021-06-23T13:03:45,900.0,107.0,S
2021-06-23T13:03:45,100.0,107.2,S
2021-06-23T13:03:01,1000.0,107.5,B
2021-06-23T13:02:51,400.0,107.5,B
2021-06-23T13:02:48,400.0,107.5,B
2021-06-23T13:02:42,400.0,107.5,B
2021-06-23T13:02:39,400.0,107.5,B
2021-06-23T13:02:35,400.0,107.5,B
2021-06-23T13:02:27,400.0,107.5,B
2021-06-23T13:02:21,400.0,107.5,B
2021-06-23T13:02:21,9600.0,107.5,B
2021-06-23T13:02:04,1200.0,107.4,B
2021-06-23T13:01:44,200.0,107.2,S
2021-06-23T13:01:13,100.0,107.4,B
2021-06-23T13:01:13,100.0,107.4,B
2021-06-23T13:01:13,400.0,107.4,B
2021-06-23T13:01:13,200.0,107.4,B
2021-06-23T13:01:13,1200.0,107.4,B
2021-06-23T13:01:08,100.0,107.3,S
2021-06-23T13:00:31,100.0,107.3,S
2021-06-23T11:29:50,100.0,107.4,B
2021-06-23T11:29:47,100.0,107.4,B
2021-06-23T11:27:47,400.0,107.4,B
2021-06-23T11:27:35,100.0,107.0,S
2021-06-23T11:27:28,100.0,107.4,B
2021-06-23T11:27:16,100.0,107.3,S
2021-06-23T11:26:30,500.0,107.0,S
2021-06-23T11:26:25,800.0,107.4,B
2021-06-23T11:25:45,200.0,107.4,B
2021-06-23T11:25:35,400.0,107.5,B
2021-06-23T11:25:27,1000.0,107.0,S
2021-06-23T11:25:26,400.0,107.4,B
2021-06-23T11:25:21,600.0,107.4,B
2021-06-23T11:25:21,200.0,107.4,B
2021-06-23T11:25:17,400.0,107.4,B
2021-06-23T11:25:10,400.0,107.4,B
2021-06-23T11:25:06,400.0,107.4,B
2021-06-23T11:24:56,400.0,107.4,B
2021-06-23T11:24:52,400.0,107.4,B
2021-06-23T11:24:46,400.0,107.3,S
2021-06-23T11:24:45,100.0,107.0,S
2021-06-23T11:24:40,400.0,107.3,S
2021-06-23T11:24:35,100.0,106.9,S
2021-06-23T11:24:33,1100.0,107.3,S
2021-06-23T11:24:31,200.0,107.2,S
2021-06-23T11:24:24,1300.0,107.2,S
2021-06-23T11:24:23,100.0,107.0,S
2021-06-23T11:24:10,100.0,107.0,S
2021-06-23T11:24:05,1100.0,107.0,S
2021-06-23T11:23:56,200.0,107.0,S
2021-06-23T11:23:56,1200.0,107.0,S
2021-06-23T11:23:41,1000.0,106.7,S
2021-06-23T11:23:39,1400.0,107.0,S
2021-06-23T11:23:34,100.0,107.0,S
2021-06-23T11:23:30,100.0,107.0,S
2021-06-23T11:23:24,400.0,106.9,S
2021-06-23T11:23:24,100.0,106.9,S
2021-06-23T11:22:43,900.0,107.0,S
2021-06-23T11:22:40,1100.0,107.0,S
2021-06-23T11:22:00,2000.0,107.0,S
2021-06-23T11:21:30,100.0,107.0,S
2021-06-23T11:21:16,100.0,107.0,S
2021-06-23T11:21:16,200.0,107.0,S
2021-06-23T11:21:02,400.0,107.0,S
2021-06-23T11:20:59,200.0,107.0,S
2021-06-23T11:20:54,600.0,107.0,S
2021-06-23T11:20:36,500.0,107.0,S
2021-06-23T11:20:07,800.0,107.0,S
2021-06-23T11:20:03,500.0,107.0,S
2021-06-23T11:20:03,1000.0,107.0,S
2021-06-23T11:20:02,2600.0,107.0,S
2021-06-23T11:19:58,100.0,107.0,S
2021-06-23T11:19:51,500.0,107.0,S
2021-06-23T11:19:42,200.0,107.0,S
2021-06-23T11:19:01,700.0,107.0,S
2021-06-23T11:19:01,1700.0,107.0,S
2021-06-23T11:19:01,600.0,107.0,S
2021-06-23T11:19:01,200.0,107.1,S
2021-06-23T11:19:01,1800.0,107.1,S
2021-06-23T11:18:30,500.0,107.3,B
2021-06-23T11:18:17,300.0,107.3,B
2021-06-23T11:17:25,500.0,107.3,B
2021-06-23T11:17:18,400.0,107.3,B
2021-06-23T11:16:58,100.0,107.3,B
2021-06-23T11:16:53,100.0,107.3,B
2021-06-23T11:16:49,100.0,107.4,B
2021-06-23T11:16:36,100.0,107.3,B
2021-06-23T11:15:38,1000.0,107.1,S
2021-06-23T11:15:07,3000.0,107.4,B
2021-06-23T11:15:03,600.0,107.4,B
2021-06-23T11:14:46,100.0,107.4,B
2021-06-23T11:13:52,1800.0,107.4,B
2021-06-23T11:13:20,500.0,107.4,B
2021-06-23T11:13:14,100.0,107.4,B
2021-06-23T11:13:10,1300.0,107.4,B
2021-06-23T11:13:10,600.0,107.3,B
2021-06-23T11:13:09,100.0,107.3,B
2021-06-23T11:12:15,100.0,107.3,S
2021-06-23T11:11:54,800.0,107.1,S
2021-06-23T11:11:35,500.0,107.3,S
2021-06-23T11:11:16,1000.0,107.1,S
2021-06-23T11:11:04,100.0,107.1,S
2021-06-23T11:11:00,1000.0,107.1,S
2021-06-23T11:11:00,500.0,107.1,S
2021-06-23T11:10:58,200.0,107.4,S
2021-06-23T11:10:40,10000.0,107.1,S
2021-06-23T11:10:36,1900.0,107.1,S
2021-06-23T11:09:23,100.0,107.4,S
2021-06-23T11:08:44,100.0,107.5,B
2021-06-23T11:08:43,10000.0,107.3,S
2021-06-23T11:08:36,200.0,107.3,S
2021-06-23T11:07:52,100.0,107.3,S
2021-06-23T11:07:46,200.0,107.3,S
2021-06-23T11:07:42,200.0,107.3,S
2021-06-23T11:07:39,200.0,107.3,S
2021-06-23T11:07:33,200.0,107.3,S
2021-06-23T11:07:29,1100.0,107.3,S
2021-06-23T11:07:29,1100.0,107.4,S
2021-06-23T11:07:21,200.0,107.4,S
2021-06-23T11:07:14,200.0,107.4,S
2021-06-23T11:07:07,200.0,107.4,S
2021-06-23T11:06:56,200.0,107.4,S
2021-06-23T11:06:52,200.0,107.4,S
2021-06-23T11:06:45,200.0,107.4,S
2021-06-23T11:06:40,200.0,107.4,S
2021-06-23T11:06:15,200.0,107.4,S
2021-06-23T11:06:08,300.0,107.5,S
2021-06-23T11:06:08,200.0,107.5,S
2021-06-23T11:06:06,200.0,107.5,S
2021-06-23T11:05:48,200.0,107.5,S
2021-06-23T11:05:39,700.0,107.5,S
2021-06-23T11:05:38,400.0,107.5,S
2021-06-23T11:05:38,900.0,107.5,S
2021-06-23T11:05:35,200.0,107.5,S
2021-06-23T11:05:32,200.0,107.5,S
2021-06-23T11:05:10,200.0,107.5,S
2021-06-23T11:05:10,100.0,107.6,B
2021-06-23T11:05:05,100.0,107.5,S
2021-06-23T11:05:02,200.0,107.5,S
2021-06-23T11:04:59,2200.0,107.5,S
2021-06-23T11:04:58,200.0,107.5,S
2021-06-23T11:04:41,500.0,107.5,S
2021-06-23T11:04:34,500.0,107.5,S
2021-06-23T11:04:30,200.0,107.5,S
2021-06-23T11:03:32,500.0,107.5,S
2021-06-23T11:03:29,400.0,107.5,S
2021-06-23T11:03:27,1000.0,107.5,S
2021-06-23T11:03:25,400.0,107.5,S
2021-06-23T11:03:23,400.0,107.5,S
2021-06-23T11:03:20,400.0,107.5,S
2021-06-23T11:03:18,200.0,107.5,S
2021-06-23T11:03:18,1800.0,107.5,S
2021-06-23T11:03:16,400.0,107.5,S
2021-06-23T11:03:12,400.0,107.5,S
2021-06-23T11:03:11,500.0,107.5,S
2021-06-23T11:03:11,2500.0,107.5,S
2021-06-23T11:03:11,1000.0,107.5,S
2021-06-23T11:03:09,400.0,107.5,S
2021-06-23T11:03:09,400.0,107.5,S
2021-06-23T11:03:09,100.0,107.5,S
2021-06-23T11:03:08,500.0,107.5,S
2021-06-23T11:03:05,400.0,107.5,S
2021-06-23T11:03:02,400.0,107.5,S
2021-06-23T11:02:55,400.0,107.5,S
2021-06-23T11:02:50,100.0,107.5,S
2021-06-23T11:02:50,400.0,107.5,S
2021-06-23T11:02:41,100.0,107.5,S
2021-06-23T11:02:34,2000.0,107.5,S
2021-06-23T11:02:24,400.0,107.5,S
2021-06-23T11:02:20,800.0,107.5,S
2021-06-23T11:02:20,300.0,107.7,B
2021-06-23T11:02:19,1300.0,107.5,S
2021-06-23T11:02:15,400.0,107.6,S
2021-06-23T11:01:35,500.0,107.6,S
2021-06-23T11:01:19,1000.0,107.7,B
2021-06-23T11:00:56,500.0,107.6,S
2021-06-23T11:00:55,500.0,107.6,S
2021-06-23T11:00:45,1400.0,107.7,S
2021-06-23T11:00:44,500.0,107.7,S
2021-06-23T11:00:37,200.0,107.7,S
2021-06-23T11:00:37,100.0,107.7,S
2021-06-23T11:00:36,200.0,107.7,S
2021-06-23T11:00:00,800.0,107.7,S
2021-06-23T10:59:02,500.0,107.9,B
2021-06-23T10:58:52,200.0,107.7,S
2021-06-23T10:58:34,100.0,107.7,S
2021-06-23T10:58:21,500.0,107.9,B
2021-06-23T10:56:29,200.0,107.9,B
2021-06-23T10:55:00,1600.0,107.7,S
2021-06-23T10:54:25,500.0,107.7,S
2021-06-23T10:53:23,100.0,107.7,S
2021-06-23T10:53:03,100.0,107.7,S
2021-06-23T10:52:55,3000.0,107.7,S
2021-06-23T10:52:40,300.0,107.7,S
2021-06-23T10:52:40,500.0,107.7,S
2021-06-23T10:52:33,3300.0,107.7,S
2021-06-23T10:52:33,300.0,107.7,S
2021-06-23T10:52:32,2700.0,107.7,S
2021-06-23T10:52:32,500.0,107.7,S
2021-06-23T10:52:27,500.0,107.7,S
2021-06-23T10:52:13,200.0,107.7,S
2021-06-23T10:52:03,200.0,107.7,S
2021-06-23T10:51:56,200.0,107.8,S
2021-06-23T10:51:46,200.0,107.7,S
2021-06-23T10:51:35,200.0,107.8,S
2021-06-23T10:51:28,200.0,107.7,S
2021-06-23T10:51:22,1000.0,108.0,B
2021-06-23T10:51:22,300.0,107.7,S
2021-06-23T10:51:09,200.0,107.8,S
2021-06-23T10:51:00,200.0,107.8,S
2021-06-23T10:50:50,200.0,107.8,S
2021-06-23T10:50:43,200.0,107.8,S
2021-06-23T10:50:35,200.0,107.8,S
2021-06-23T10:50:28,100.0,108.0,B
2021-06-23T10:50:27,100.0,108.0,B
2021-06-23T10:50:16,500.0,108.0,B
2021-06-23T10:50:01,3400.0,107.9,S
2021-06-23T10:49:35,200.0,107.9,S
2021-06-23T10:49:33,200.0,107.9,S
2021-06-23T10:49:26,200.0,107.9,S
2021-06-23T10:49:17,200.0,107.9,S
2021-06-23T10:49:09,200.0,107.9,S
2021-06-23T10:48:51,1000.0,107.9,S
2021-06-23T10:48:47,200.0,107.9,S
2021-06-23T10:48:33,200.0,107.9,S
2021-06-23T10:48:25,800.0,108.0,B
2021-06-23T10:47:56,100.0,108.0,B
2021-06-23T10:47:34,500.0,108.0,B
2021-06-23T10:47:04,200.0,107.9,S
2021-06-23T10:47:01,200.0,107.9,S
2021-06-23T10:46:57,200.0,107.9,S
2021-06-23T10:46:52,200.0,107.9,S
2021-06-23T10:46:49,200.0,107.9,S
2021-06-23T10:46:46,200.0,107.9,S
2021-06-23T10:46:42,200.0,107.9,S
2021-06-23T10:46:40,200.0,107.9,S
2021-06-23T10:46:37,200.0,107.9,S
2021-06-23T10:46:33,200.0,108.0,S
2021-06-23T10:46:30,1600.0,108.0,S
2021-06-23T10:46:27,200.0,108.0,S
2021-06-23T10:46:23,200.0,108.0,S
2021-06-23T10:46:18,200.0,108.0,S
2021-06-23T10:45:59,400.0,108.0,S
2021-06-23T10:45:55,300.0,108.0,S
2021-06-23T10:45:54,800.0,108.0,S
2021-06-23T10:45:53,1500.0,108.0,S
2021-06-23T10:45:50,200.0,108.0,S
2021-06-23T10:45:43,200.0,108.0,S
2021-06-23T10:45:36,200.0,108.0,B
2021-06-23T10:45:33,200.0,108.0,B
2021-06-23T10:45:31,1000.0,108.0,B
2021-06-23T10:45:30,200.0,108.0,B
2021-06-23T10:45:25,21600.0,108.0,B
2021-06-23T10:45:19,200.0,107.9,S
2021-06-23T10:45:14,200.0,107.9,S
2021-06-23T10:45:10,200.0,107.9,S
2021-06-23T10:45:08,100.0,107.9,S
2021-06-23T10:45:05,200.0,107.9,S
2021-06-23T10:45:04,500.0,108.0,B
2021-06-23T10:45:00,200.0,107.9,S
2021-06-23T10:45:00,100.0,108.0,S
2021-06-23T10:45:00,1700.0,108.0,S
2021-06-23T10:44:57,200.0,108.0,S
2021-06-23T10:44:52,200.0,108.0,S
2021-06-23T10:44:47,1500.0,108.0,S
2021-06-23T10:44:46,200.0,108.0,S
2021-06-23T10:44:36,300.0,108.0,S
2021-06-23T10:44:23,200.0,108.0,S
2021-06-23T10:44:21,200.0,108.0,S
2021-06-23T10:44:16,200.0,108.0,S
2021-06-23T10:44:10,200.0,108.0,S
2021-06-23T10:44:06,800.0,108.0,S
2021-06-23T10:44:05,1000.0,108.0,S
2021-06-23T10:43:43,500.0,108.0,S
2021-06-23T10:43:35,200.0,108.0,S
2021-06-23T10:43:17,800.0,108.0,S
2021-06-23T10:43:10,100.0,108.0,S
2021-06-23T10:42:46,500.0,108.1,B
2021-06-23T10:42:40,100.0,108.0,S
2021-06-23T10:42:39,200.0,107.9,S
2021-06-23T10:42:26,4700.0,107.9,S
2021-06-23T10:42:26,800.0,108.0,S
2021-06-23T10:42:26,100.0,108.0,S
2021-06-23T10:42:26,2400.0,108.0,S
2021-06-23T10:42:10,500.0,108.0,S
2021-06-23T10:41:50,400.0,108.0,S
2021-06-23T10:41:48,1700.0,108.0,S
2021-06-23T10:41:48,6300.0,108.0,S
2021-06-23T10:41:44,1000.0,108.0,S
2021-06-23T10:41:32,1000.0,108.0,S
2021-06-23T10:41:14,400.0,108.0,S
2021-06-23T10:41:10,7200.0,108.0,S
2021-06-23T10:41:10,200.0,108.0,S
2021-06-23T10:41:10,600.0,108.0,S
2021-06-23T10:40:54,100.0,108.0,S
2021-06-23T10:40:43,500.0,108.0,S
2021-06-23T10:40:22,200.0,108.0,S
2021-06-23T10:39:52,100.0,108.0,S
2021-06-23T10:39:49,200.0,108.0,S
2021-06-23T10:39:48,100.0,108.0,S
2021-06-23T10:39:47,3000.0,108.0,S
2021-06-23T10:39:21,100.0,108.0,S
2021-06-23T10:39:20,1000.0,108.1,B
2021-06-23T10:39:14,3400.0,108.0,S
2021-06-23T10:39:12,1000.0,108.0,S
2021-06-23T10:39:02,300.0,108.1,B
2021-06-23T10:37:56,2600.0,108.1,B
2021-06-23T10:37:56,400.0,108.1,B
2021-06-23T10:37:49,200.0,108.0,S
2021-06-23T10:37:43,200.0,108.0,S
2021-06-23T10:37:39,200.0,108.0,S
2021-06-23T10:37:09,500.0,108.0,S
2021-06-23T10:36:08,100.0,108.0,S
2021-06-23T10:35:54,200.0,108.0,S
2021-06-23T10:35:51,500.0,108.0,S
2021-06-23T10:35:49,2700.0,108.0,S
2021-06-23T10:35:48,2300.0,108.0,S
2021-06-23T10:35:19,600.0,108.0,B
2021-06-23T10:35:13,12100.0,108.0,B
2021-06-23T10:34:36,500.0,108.0,S
2021-06-23T10:34:36,8000.0,108.0,S
2021-06-23T10:34:35,1100.0,108.0,S
2021-06-23T10:34:29,300.0,108.0,S
2021-06-23T10:34:22,300.0,108.0,S
2021-06-23T10:34:14,200.0,108.0,S
2021-06-23T10:33:38,300.0,108.0,S
2021-06-23T10:32:47,200.0,108.0,S
2021-06-23T10:32:44,200.0,108.0,S
2021-06-23T10:32:39,200.0,108.0,S
2021-06-23T10:31:47,300.0,108.0,S
2021-06-23T10:31:39,1900.0,108.0,S
2021-06-23T10:31:38,5100.0,108.0,S
2021-06-23T10:31:28,100.0,108.0,S
2021-06-23T10:31:23,100.0,108.1,B
2021-06-23T10:31:21,400.0,108.0,S
2021-06-23T10:31:21,200.0,108.0,S
2021-06-23T10:31:21,2200.0,108.0,S
2021-06-23T10:31:11,3300.0,108.0,S
2021-06-23T10:31:11,4700.0,108.0,S
2021-06-23T10:30:52,100.0,108.0,S
2021-06-23T10:30:52,200.0,108.0,S
2021-06-23T10:30:50,5000.0,108.0,S
2021-06-23T10:30:44,100.0,108.0,S
2021-06-23T10:30:36,2000.0,108.0,S
2021-06-23T10:30:17,100.0,108.0,S
2021-06-23T10:30:09,2000.0,108.0,S
2021-06-23T10:29:18,100.0,108.1,B
2021-06-23T10:28:26,200.0,108.0,S
2021-06-23T10:28:04,100.0,108.0,S
2021-06-23T10:27:47,600.0,108.0,S
2021-06-23T10:26:53,100.0,108.0,B
2021-06-23T10:26:47,200.0,108.0,B
2021-06-23T10:26:47,600.0,108.0,B
2021-06-23T10:26:47,100.0,108.0,B
2021-06-23T10:26:47,200.0,108.0,B
2021-06-23T10:26:45,1500.0,108.0,B
2021-06-23T10:26:37,5200.0,108.0,B
2021-06-23T10:26:36,800.0,107.8,B
2021-06-23T10:25:48,400.0,107.7,S
2021-06-23T10:25:46,100.0,107.8,S
2021-06-23T10:25:30,500.0,107.8,S
2021-06-23T10:25:09,400.0,107.8,S
2021-06-23T10:25:09,600.0,107.8,S
2021-06-23T10:25:09,300.0,107.8,S
2021-06-23T10:24:27,100.0,107.9,B
2021-06-23T10:24:16,100.0,107.9,S
2021-06-23T10:23:55,100.0,107.9,B
2021-06-23T10:23:18,300.0,107.8,S
2021-06-23T10:23:13,7500.0,107.8,S
2021-06-23T10:22:33,500.0,108.0,B
2021-06-23T10:22:27,100.0,108.0,B
2021-06-23T10:21:44,300.0,108.0,B
2021-06-23T10:21:38,100.0,108.0,B
2021-06-23T10:21:38,4500.0,108.0,S
2021-06-23T10:21:38,2000.0,108.0,S
2021-06-23T10:21:37,1300.0,108.0,S
2021-06-23T10:21:15,500.0,108.0,S
2021-06-23T10:21:08,700.0,108.0,S
2021-06-23T10:21:08,400.0,108.0,S
2021-06-23T10:21:08,800.0,108.0,S
2021-06-23T10:21:08,5700.0,108.0,S
2021-06-23T10:21:08,2400.0,108.0,S
2021-06-23T10:20:50,200.0,108.1,S
2021-06-23T10:20:27,200.0,108.1,S
2021-06-23T10:20:17,1000.0,108.2,S
2021-06-23T10:20:17,300.0,108.2,S
2021-06-23T10:20:17,500.0,108.2,S
2021-06-23T10:20:03,200.0,108.3,S
2021-06-23T10:18:42,900.0,108.2,S
2021-06-23T10:18:04,200.0,108.2,S
2021-06-23T10:18:00,800.0,108.2,S
2021-06-23T10:17:57,4000.0,108.3,S
2021-06-23T10:17:44,300.0,108.4,B
2021-06-23T10:16:20,100.0,108.3,S
2021-06-23T10:16:10,200.0,108.3,S
2021-06-23T10:15:59,100.0,108.5,B
2021-06-23T10:15:59,3900.0,108.5,B
2021-06-23T10:15:59,1000.0,108.4,B
2021-06-23T10:15:44,1600.0,108.3,S
2021-06-23T10:15:43,100.0,108.4,B
2021-06-23T10:15:29,300.0,108.3,S
2021-06-23T10:15:10,500.0,108.3,S
2021-06-23T10:15:05,500.0,108.3,S
2021-06-23T10:14:37,700.0,108.3,B
2021-06-23T10:14:16,1000.0,108.2,S
2021-06-23T10:12:48,1000.0,108.2,S
2021-06-23T10:12:10,100.0,108.2,S
2021-06-23T10:11:16,500.0,108.2,S
2021-06-23T10:11:08,500.0,108.2,S
2021-06-23T10:11:03,7600.0,108.3,B
2021-06-23T10:11:03,2600.0,108.3,B
2021-06-23T10:10:38,300.0,108.2,B
2021-06-23T10:09:02,300.0,108.2,S
2021-06-23T10:07:44,200.0,108.2,S
2021-06-23T10:07:26,1000.0,108.3,B
2021-06-23T10:06:48,100.0,108.3,B
2021-06-23T10:06:22,300.0,108.2,S
2021-06-23T10:05:38,1000.0,108.3,B
2021-06-23T10:05:32,100.0,108.3,B
2021-06-23T10:05:14,100.0,108.2,S
2021-06-23T10:05:06,200.0,108.3,B
2021-06-23T10:05:06,2800.0,108.3,B
2021-06-23T10:05:04,1000.0,108.3,B
2021-06-23T10:04:29,200.0,108.3,B
2021-06-23T10:04:05,100.0,108.3,B
2021-06-23T10:03:45,100.0,108.2,S
2021-06-23T10:03:10,100.0,108.3,B
2021-06-23T10:03:07,400.0,108.2,S
2021-06-23T10:03:06,200.0,108.2,S
2021-06-23T10:02:52,100.0,108.2,S
2021-06-23T10:02:52,400.0,108.2,S
2021-06-23T10:02:39,200.0,108.3,B
2021-06-23T10:02:29,1100.0,108.2,B
2021-06-23T10:02:25,100.0,108.2,B
2021-06-23T10:02:18,100.0,108.2,B
2021-06-23T10:01:09,100.0,108.2,S
2021-06-23T10:00:58,500.0,108.2,S
2021-06-23T10:00:50,100.0,108.2,S
2021-06-23T10:00:31,500.0,108.2,S
2021-06-23T09:59:51,100.0,108.2,S
2021-06-23T09:59:45,1000.0,108.3,S
2021-06-23T09:59:45,1500.0,108.3,S
2021-06-23T09:59:45,700.0,108.4,S
2021-06-23T09:59:43,100.0,108.4,S
2021-06-23T09:59:11,100.0,108.3,S
2021-06-23T09:59:03,1800.0,108.3,S
2021-06-23T09:59:03,2400.0,108.3,S
2021-06-23T09:58:37,500.0,108.3,S
2021-06-23T09:58:15,700.0,108.4,B
2021-06-23T09:58:07,200.0,108.4,B
2021-06-23T09:57:45,1000.0,108.3,S
2021-06-23T09:57:44,100.0,108.4,B
2021-06-23T09:57:29,100.0,108.4,B
2021-06-23T09:56:40,500.0,108.4,B
2021-06-23T09:56:31,100.0,108.4,S
2021-06-23T09:56:25,1500.0,108.4,S
2021-06-23T09:55:48,100.0,108.5,B
2021-06-23T09:55:38,300.0,108.5,B
2021-06-23T09:55:38,100.0,108.4,S
2021-06-23T09:55:13,200.0,108.5,B
2021-06-23T09:54:39,100.0,108.4,S
2021-06-23T09:54:32,500.0,108.5,B
2021-06-23T09:54:05,100.0,108.4,S
2021-06-23T09:54:03,100.0,108.4,S
2021-06-23T09:54:02,1700.0,108.6,B
2021-06-23T09:54:02,100.0,108.6,B
2021-06-23T09:54:01,3200.0,108.6,B
2021-06-23T09:53:48,100.0,108.4,S
2021-06-23T09:53:44,100.0,108.4,S
2021-06-23T09:53:01,800.0,108.5,S
2021-06-23T09:53:00,200.0,108.5,S
2021-06-23T09:52:33,100.0,108.4,S
2021-06-23T09:52:32,300.0,108.4,S
2021-06-23T09:52:02,300.0,108.5,S
2021-06-23T09:51:57,1700.0,108.5,B
2021-06-23T09:51:27,200.0,108.5,B
2021-06-23T09:50:40,600.0,108.5,S
2021-06-23T09:49:12,500.0,108.5,S
2021-06-23T09:49:00,100.0,108.5,S
2021-06-23T09:48:41,500.0,108.5,S
2021-06-23T09:48:09,200.0,108.6,B
2021-06-23T09:48:09,100.0,108.6,B
2021-06-23T09:47:55,100.0,108.5,S
2021-06-23T09:47:37,300.0,108.5,S
2021-06-23T09:47:37,200.0,108.5,S
2021-06-23T09:47:28,3100.0,108.5,B
2021-06-23T09:47:28,300.0,108.5,B
2021-06-23T09:47:28,2400.0,108.5,B
2021-06-23T09:47:28,1000.0,108.5,B
2021-06-23T09:47:28,4400.0,108.5,B
2021-06-23T09:47:09,100.0,108.4,B
2021-06-23T09:47:02,2600.0,108.4,B
2021-06-23T09:46:54,100.0,108.3,S
2021-06-23T09:46:17,800.0,108.3,B
2021-06-23T09:46:17,200.0,108.3,B
2021-06-23T09:46:17,200.0,108.3,B
2021-06-23T09:46:12,900.0,108.2,S
2021-06-23T09:46:06,1000.0,108.2,S
2021-06-23T09:45:09,500.0,108.2,S
2021-06-23T09:45:04,100.0,108.2,S
2021-06-23T09:44:34,500.0,108.2,B
2021-06-23T09:44:34,100.0,108.1,S
2021-06-23T09:43:28,500.0,108.1,S
2021-06-23T09:43:12,300.0,108.1,S
2021-06-23T09:43:11,400.0,108.1,S
2021-06-23T09:42:19,100.0,108.1,S
2021-06-23T09:41:10,400.0,108.1,S
2021-06-23T09:40:43,500.0,108.1,S
2021-06-23T09:40:23,900.0,108.3,B
2021-06-23T09:40:17,500.0,108.1,S
2021-06-23T09:40:07,100.0,108.2,B
2021-06-23T09:39:30,500.0,108.1,S
2021-06-23T09:39:22,800.0,108.1,S
2021-06-23T09:39:21,500.0,108.1,S
2021-06-23T09:38:58,200.0,108.2,B
2021-06-23T09:38:48,1200.0,108.1,S
2021-06-23T09:38:36,100.0,108.1,S
2021-06-23T09:38:29,1000.0,108.0,S
2021-06-23T09:38:22,200.0,108.2,B
2021-06-23T09:38:19,1700.0,108.0,S
2021-06-23T09:38:19,10300.0,108.0,S
2021-06-23T09:37:49,500.0,108.1,S
2021-06-23T09:37:47,500.0,108.2,B
2021-06-23T09:37:17,300.0,108.0,S
2021-06-23T09:37:17,100.0,108.0,S
2021-06-23T09:37:17,100.0,108.0,S
2021-06-23T09:36:57,300.0,108.2,S
2021-06-23T09:36:51,1200.0,108.2,S
2021-06-23T09:35:31,100.0,108.2,B
2021-06-23T09:35:18,500.0,108.2,B
2021-06-23T09:35:09,500.0,108.1,B
2021-06-23T09:34:39,200.0,108.0,S
2021-06-23T09:34:38,2000.0,108.0,S
2021-06-23T09:34:33,100.0,108.1,B
2021-06-23T09:34:20,300.0,108.0,S
2021-06-23T09:34:16,100.0,108.1,B
2021-06-23T09:34:11,1500.0,108.0,S
2021-06-23T09:34:09,2000.0,108.1,B
2021-06-23T09:33:51,100.0,108.1,B
2021-06-23T09:33:39,100.0,108.0,S
2021-06-23T09:33:15,100.0,108.0,S
2021-06-23T09:33:13,1200.0,108.0,S
2021-06-23T09:33:10,500.0,108.0,S
2021-06-23T09:32:58,100.0,108.0,S
2021-06-23T09:32:35,100.0,108.0,S
2021-06-23T09:32:23,100.0,108.0,S
2021-06-23T09:32:05,100.0,108.0,S
2021-06-23T09:31:55,100.0,108.0,S
2021-06-23T09:31:45,300.0,108.0,S
2021-06-23T09:31:32,200.0,108.0,S
2021-06-23T09:31:27,1500.0,108.0,S
2021-06-23T09:31:23,100.0,108.0,S
2021-06-23T09:31:19,500.0,108.0,S
2021-06-23T09:31:17,100.0,108.0,S
2021-06-23T09:31:12,500.0,108.0,S
2021-06-23T09:31:00,200.0,108.0,S
2021-06-23T09:31:00,500.0,108.0,S
2021-06-23T09:30:51,1500.0,108.0,S
2021-06-23T09:30:51,100.0,108.0,S
2021-06-23T09:30:51,100.0,108.0,S
2021-06-23T09:30:49,3300.0,108.0,S
2021-06-23T09:30:35,500.0,107.8,S
2021-06-23T09:30:33,2000.0,108.0,S
2021-06-23T09:30:19,5000.0,108.0,S
2021-06-23T09:30:12,5200.0,108.0,S
2021-06-23T09:29:29,2000.0,108.0,S
2021-06-23T09:29:04,600.0,108.0,S
2021-06-23T09:28:49,1200.0,108.0,S
2021-06-23T09:28:08,100.0,108.0,S
2021-06-23T09:28:06,100.0,108.1,S
2021-06-23T09:28:00,200.0,108.1,S
2021-06-23T09:27:06,300.0,108.1,S
2021-06-23T09:27:04,400.0,108.1,S
2021-06-23T09:26:54,400.0,108.3,B
2021-06-23T09:26:50,2000.0,108.1,S
2021-06-23T09:26:43,5000.0,108.3,B
2021-06-23T09:26:36,600.0,108.1,B
2021-06-23T09:26:28,100.0,108.0,S
2021-06-23T09:26:25,200.0,108.0,S
2021-06-23T09:26:17,100.0,108.0,S
2021-06-23T09:26:11,500.0,108.0,S
2021-06-23T09:26:10,200.0,108.0,S
2021-06-23T09:25:56,500.0,108.0,S
2021-06-23T09:25:41,100.0,108.0,S
2021-06-23T09:25:38,100.0,108.0,S
2021-06-23T09:25:24,1000.0,108.0,S
2021-06-23T09:25:09,1000.0,108.0,S
2021-06-23T09:24:56,100.0,108.0,S
2021-06-23T09:24:41,200.0,108.0,B
2021-06-23T09:24:31,100.0,108.0,B
2021-06-23T09:24:21,100.0,108.0,B
2021-06-23T09:24:19,800.0,108.0,B
2021-06-23T09:24:19,1900.0,108.0,B
2021-06-23T09:24:19,300.0,108.0,B
2021-06-23T09:24:19,1900.0,108.0,B
2021-06-23T09:24:15,800.0,108.0,B
2021-06-23T09:24:15,100.0,108.0,B
2021-06-23T09:24:14,4100.0,108.0,B
2021-06-23T09:24:14,1000.0,107.1,S
2021-06-23T09:24:00,200.0,107.5,S
2021-06-23T09:23:57,800.0,107.5,S
2021-06-23T09:23:53,100.0,107.5,S
2021-06-23T09:23:52,100.0,107.5,S
2021-06-23T09:23:51,200.0,107.5,S
2021-06-23T09:23:50,600.0,107.2,S
2021-06-23T09:23:23,200.0,107.5,S
2021-06-23T09:23:16,1000.0,107.5,S
2021-06-23T09:23:10,1000.0,107.5,S
2021-06-23T09:22:32,500.0,107.5,S
2021-06-23T09:21:42,200.0,107.5,S
2021-06-23T09:20:40,300.0,107.5,S
2021-06-23T09:20:19,500.0,108.0,S
2021-06-23T09:20:16,500.0,108.0,S
2021-06-23T09:20:15,700.0,108.0,S
2021-06-23T09:19:36,500.0,108.0,S
2021-06-23T09:19:35,1500.0,108.0,S
2021-06-23T09:19:07,200.0,108.0,S
2021-06-23T09:19:02,100.0,108.0,S
2021-06-23T09:18:55,800.0,108.0,S
2021-06-23T09:18:53,100.0,108.0,S
2021-06-23T09:17:56,300.0,108.0,S
2021-06-23T09:17:09,500.0,108.0,S
2021-06-23T09:17:03,1000.0,108.4,B
2021-06-23T09:16:48,500.0,108.4,B
2021-06-23T09:16:46,500.0,108.4,B
2021-06-23T09:16:45,700.0,108.4,B
2021-06-23T09:16:20,900.0,108.5,B
2021-06-23T09:16:19,100.0,108.2,S
2021-06-23T09:16:08,100.0,108.2,B
2021-06-23T09:16:02,100.0,108.2,S
2021-06-23T09:16:00,100.0,108.2,B
2021-06-23T09:15:50,100.0,108.2,B
2021-06-23T09:15:46,1900.0,108.0,S
2021-06-23T09:15:44,200.0,108.1,S
2021-06-23T09:15:37,100.0,108.1,B
