tradingTime,volume,price,side
2021-06-23T14:19:09,100.0,21.7,S
2021-06-23T14:18:38,2600.0,21.7,B
2021-06-23T14:18:35,100.0,21.7,B
2021-06-23T14:17:31,300.0,21.7,B
2021-06-23T14:17:25,100.0,21.7,B
2021-06-23T14:16:35,1900.0,21.7,S
2021-06-23T14:16:15,300.0,21.7,S
2021-06-23T14:16:12,100.0,21.8,B
2021-06-23T14:15:50,1000.0,21.7,S
2021-06-23T14:13:35,400.0,21.7,S
2021-06-23T14:10:48,300.0,21.7,S
2021-06-23T14:10:28,100.0,21.7,S
2021-06-23T14:09:43,2000.0,21.7,S
2021-06-23T14:07:56,5000.0,21.7,S
2021-06-23T14:06:40,600.0,21.7,S
2021-06-23T14:06:11,100.0,21.7,S
2021-06-23T14:05:25,1000.0,21.7,S
2021-06-23T14:05:15,100.0,21.7,S
2021-06-23T14:04:50,100.0,21.7,B
2021-06-23T14:04:40,100.0,21.7,S
2021-06-23T14:04:39,20000.0,21.7,B
2021-06-23T14:04:32,3700.0,21.7,S
2021-06-23T14:04:31,200.0,21.7,S
2021-06-23T14:04:29,500.0,21.7,S
2021-06-23T14:04:04,100.0,21.7,S
2021-06-23T14:03:58,500.0,21.7,S
2021-06-23T14:02:25,500.0,21.7,S
2021-06-23T14:02:01,100.0,21.8,B
2021-06-23T14:01:00,200.0,21.7,S
2021-06-23T14:00:56,4000.0,21.7,S
2021-06-23T14:00:14,100.0,21.8,B
2021-06-23T13:59:56,200.0,21.8,B
2021-06-23T13:59:23,2000.0,21.7,S
2021-06-23T13:55:58,500.0,21.8,B
2021-06-23T13:51:38,1000.0,21.8,B
2021-06-23T13:51:33,2500.0,21.8,B
2021-06-23T13:49:22,100.0,21.8,B
2021-06-23T13:48:11,1600.0,21.8,S
2021-06-23T13:47:08,200.0,21.8,S
2021-06-23T13:46:49,600.0,21.8,S
2021-06-23T13:45:08,1500.0,21.8,S
2021-06-23T13:44:31,1000.0,21.8,B
2021-06-23T13:44:29,700.0,21.8,B
2021-06-23T13:43:39,100.0,21.8,B
2021-06-23T13:42:41,100.0,21.8,B
2021-06-23T13:42:37,1700.0,21.8,B
2021-06-23T13:42:09,1000.0,21.8,S
2021-06-23T13:41:30,2300.0,21.8,B
2021-06-23T13:41:29,1000.0,21.8,B
2021-06-23T13:41:15,100.0,21.8,B
2021-06-23T13:41:01,500.0,21.8,B
2021-06-23T13:40:51,500.0,21.8,B
2021-06-23T13:40:44,2500.0,21.8,B
2021-06-23T13:40:28,1000.0,21.8,B
2021-06-23T13:40:09,1000.0,21.8,B
2021-06-23T13:39:54,3000.0,21.8,B
2021-06-23T13:39:25,2400.0,21.8,B
2021-06-23T13:38:19,600.0,21.8,B
2021-06-23T13:38:16,1700.0,21.8,B
2021-06-23T13:38:03,400.0,21.8,B
2021-06-23T13:37:29,600.0,21.8,B
2021-06-23T13:37:20,100.0,21.8,B
2021-06-23T13:37:00,500.0,21.8,B
2021-06-23T13:36:56,1000.0,21.7,S
2021-06-23T13:35:24,600.0,21.7,S
2021-06-23T13:35:12,500.0,21.8,B
2021-06-23T13:34:40,200.0,21.7,S
2021-06-23T13:34:21,100.0,21.8,B
2021-06-23T13:33:56,400.0,21.8,B
2021-06-23T13:33:27,500.0,21.8,B
2021-06-23T13:32:35,800.0,21.7,S
2021-06-23T13:31:56,1000.0,21.7,S
2021-06-23T13:31:38,400.0,21.7,S
2021-06-23T13:30:56,600.0,21.7,S
2021-06-23T13:30:47,100.0,21.8,B
2021-06-23T13:29:22,3000.0,21.7,S
2021-06-23T13:28:16,500.0,21.7,S
2021-06-23T13:28:12,500.0,21.7,S
2021-06-23T13:28:10,1500.0,21.7,S
2021-06-23T13:27:00,1000.0,21.7,S
2021-06-23T13:26:59,100.0,21.7,S
2021-06-23T13:26:39,4000.0,21.7,S
2021-06-23T13:26:13,3000.0,21.7,S
2021-06-23T13:25:22,1000.0,21.7,S
2021-06-23T13:24:54,1000.0,21.7,S
2021-06-23T13:24:04,4000.0,21.8,B
2021-06-23T13:24:04,100.0,21.8,B
2021-06-23T13:23:09,100.0,21.8,B
2021-06-23T13:22:56,100.0,21.8,B
2021-06-23T13:22:37,100.0,21.8,B
2021-06-23T13:22:22,100.0,21.8,B
2021-06-23T13:21:03,1000.0,21.7,S
2021-06-23T13:20:08,200.0,21.7,S
2021-06-23T13:19:55,300.0,21.8,S
2021-06-23T13:19:39,200.0,21.8,S
2021-06-23T13:19:33,500.0,21.8,S
2021-06-23T13:18:28,2500.0,21.7,S
2021-06-23T13:17:14,25000.0,21.7,S
2021-06-23T13:17:07,1000.0,21.8,S
2021-06-23T13:16:41,1000.0,21.8,S
2021-06-23T13:15:04,100.0,21.9,B
2021-06-23T13:14:56,100.0,21.8,S
2021-06-23T13:13:19,1000.0,21.8,S
2021-06-23T13:12:29,3000.0,21.8,S
2021-06-23T13:12:20,500.0,21.9,B
2021-06-23T13:12:09,200.0,21.9,B
2021-06-23T13:11:49,300.0,21.8,S
2021-06-23T13:11:18,2300.0,21.8,B
2021-06-23T13:11:02,500.0,21.8,B
2021-06-23T13:11:00,10000.0,21.8,B
2021-06-23T13:10:51,100.0,21.8,B
2021-06-23T13:10:12,500.0,21.8,B
2021-06-23T13:10:03,2000.0,21.8,B
2021-06-23T13:09:17,5000.0,21.8,B
2021-06-23T13:07:20,700.0,21.7,S
2021-06-23T13:05:25,100.0,21.7,S
2021-06-23T13:03:55,1000.0,21.7,S
2021-06-23T13:03:41,100.0,21.7,S
2021-06-23T13:03:25,10000.0,21.7,S
2021-06-23T13:00:18,6000.0,21.7,S
2021-06-23T13:00:16,500.0,21.7,S
2021-06-23T11:29:15,2600.0,21.7,B
2021-06-23T11:29:00,2000.0,21.7,B
2021-06-23T11:28:40,100.0,21.7,B
2021-06-23T11:28:37,2000.0,21.6,S
2021-06-23T11:27:58,100.0,21.6,S
2021-06-23T11:26:59,5000.0,21.6,S
2021-06-23T11:26:50,200.0,21.6,S
2021-06-23T11:26:37,100.0,21.6,S
2021-06-23T11:26:25,2000.0,21.6,S
2021-06-23T11:26:10,200.0,21.6,S
2021-06-23T11:25:49,500.0,21.7,B
2021-06-23T11:25:41,100.0,21.7,B
2021-06-23T11:25:02,900.0,21.7,S
2021-06-23T11:24:59,100.0,21.7,S
2021-06-23T11:24:57,1900.0,21.7,B
2021-06-23T11:24:51,2000.0,21.7,S
2021-06-23T11:24:26,500.0,21.7,S
2021-06-23T11:24:01,400.0,21.7,S
2021-06-23T11:23:47,200.0,21.7,S
2021-06-23T11:23:43,200.0,21.7,S
2021-06-23T11:22:30,1500.0,21.7,S
2021-06-23T11:21:53,900.0,21.7,S
2021-06-23T11:21:47,2000.0,21.8,B
2021-06-23T11:20:26,1000.0,21.7,B
2021-06-23T11:20:14,100.0,21.7,B
2021-06-23T11:20:12,9000.0,21.7,B
2021-06-23T11:19:40,7300.0,21.7,B
2021-06-23T11:19:33,500.0,21.6,S
2021-06-23T11:19:31,100.0,21.6,S
2021-06-23T11:19:12,1800.0,21.6,B
2021-06-23T11:18:49,100.0,21.6,B
2021-06-23T11:18:43,3000.0,21.6,B
2021-06-23T11:18:28,400.0,21.6,S
2021-06-23T11:18:11,500.0,21.6,S
2021-06-23T11:18:06,100.0,21.6,B
2021-06-23T11:17:57,100.0,21.6,B
2021-06-23T11:17:38,3000.0,21.6,B
2021-06-23T11:17:37,5000.0,21.6,S
2021-06-23T11:17:34,3000.0,21.6,S
2021-06-23T11:16:56,500.0,21.6,S
2021-06-23T11:15:31,1000.0,21.6,S
2021-06-23T11:15:29,1900.0,21.6,S
2021-06-23T11:15:28,200.0,21.6,S
2021-06-23T11:15:10,300.0,21.6,S
2021-06-23T11:14:59,500.0,21.6,S
2021-06-23T11:14:56,3000.0,21.6,S
2021-06-23T11:14:48,200.0,21.7,B
2021-06-23T11:13:19,9200.0,21.6,S
2021-06-23T11:13:15,100.0,21.7,B
2021-06-23T11:13:11,100.0,21.7,B
2021-06-23T11:13:03,20000.0,21.6,S
2021-06-23T11:12:52,500.0,21.7,B
2021-06-23T11:12:50,1000.0,21.7,B
2021-06-23T11:12:47,100.0,21.7,B
2021-06-23T11:12:38,300.0,21.7,B
2021-06-23T11:12:32,200.0,21.7,B
2021-06-23T11:11:57,1200.0,21.6,S
2021-06-23T11:11:35,1000.0,21.7,B
2021-06-23T11:11:32,3000.0,21.7,B
2021-06-23T11:11:30,8100.0,21.7,S
2021-06-23T11:11:25,500.0,21.7,S
2021-06-23T11:11:21,200.0,21.7,S
2021-06-23T11:11:13,3000.0,21.7,S
2021-06-23T11:11:05,1500.0,21.7,S
2021-06-23T11:10:55,200.0,21.7,S
2021-06-23T11:10:53,500.0,21.7,S
2021-06-23T11:10:22,500.0,21.7,S
2021-06-23T11:10:12,2400.0,21.7,S
2021-06-23T11:09:58,1500.0,21.7,S
2021-06-23T11:09:25,500.0,21.7,S
2021-06-23T11:08:40,100.0,21.7,S
2021-06-23T11:08:34,100.0,21.7,S
2021-06-23T11:08:29,2000.0,21.7,S
2021-06-23T11:08:25,500.0,21.7,S
2021-06-23T11:08:21,1000.0,21.7,S
2021-06-23T11:08:11,5000.0,21.7,S
2021-06-23T11:07:46,1000.0,21.7,S
2021-06-23T11:07:15,100.0,21.8,B
2021-06-23T11:07:13,1000.0,21.7,S
2021-06-23T11:07:00,11000.0,21.8,S
2021-06-23T11:06:48,100.0,21.8,S
2021-06-23T11:06:25,500.0,21.8,S
2021-06-23T11:06:08,100.0,21.9,B
2021-06-23T11:05:25,10700.0,21.9,B
2021-06-23T11:05:06,3000.0,21.9,S
2021-06-23T11:04:49,1000.0,21.9,S
2021-06-23T11:04:33,1300.0,21.9,S
2021-06-23T11:04:16,1000.0,21.9,S
2021-06-23T11:03:51,100.0,21.9,S
2021-06-23T11:03:48,600.0,21.9,S
2021-06-23T11:03:40,1200.0,21.9,S
2021-06-23T11:03:27,2000.0,21.9,S
2021-06-23T11:03:21,500.0,21.9,S
2021-06-23T11:03:01,100.0,21.9,S
2021-06-23T11:02:42,3500.0,21.9,S
2021-06-23T11:00:35,1300.0,21.9,B
2021-06-23T11:00:25,5000.0,21.8,S
2021-06-23T11:00:13,200.0,21.9,B
2021-06-23T11:00:04,300.0,21.8,S
2021-06-23T10:59:35,300.0,21.9,B
2021-06-23T10:59:20,1000.0,21.9,B
2021-06-23T10:59:16,200.0,21.8,S
2021-06-23T10:59:06,200.0,21.9,B
2021-06-23T10:59:06,100.0,21.9,B
2021-06-23T10:58:47,500.0,21.8,S
2021-06-23T10:58:05,300.0,21.9,B
2021-06-23T10:57:25,300.0,21.9,S
2021-06-23T10:57:15,10000.0,21.9,S
2021-06-23T10:57:15,100.0,21.9,S
2021-06-23T10:57:05,10000.0,21.9,S
2021-06-23T10:57:01,100.0,22.0,B
2021-06-23T10:56:39,5000.0,21.9,S
2021-06-23T10:56:32,500.0,22.0,B
2021-06-23T10:56:16,400.0,22.0,B
2021-06-23T10:55:55,1100.0,22.0,S
2021-06-23T10:55:50,500.0,22.0,S
2021-06-23T10:55:16,3400.0,22.0,B
2021-06-23T10:54:39,4000.0,22.0,B
2021-06-23T10:54:11,500.0,22.0,B
2021-06-23T10:53:58,300.0,22.0,B
2021-06-23T10:53:38,1000.0,22.0,B
2021-06-23T10:53:34,400.0,21.9,S
2021-06-23T10:53:25,100.0,22.0,B
2021-06-23T10:52:24,100.0,22.0,B
2021-06-23T10:51:51,100.0,22.0,B
2021-06-23T10:51:49,300.0,22.0,S
2021-06-23T10:51:30,200.0,22.0,S
2021-06-23T10:51:26,100.0,22.0,S
2021-06-23T10:51:21,4000.0,22.0,S
2021-06-23T10:51:11,400.0,22.0,S
2021-06-23T10:50:43,200.0,22.0,S
2021-06-23T10:50:43,3000.0,22.0,S
2021-06-23T10:50:28,1000.0,22.0,S
2021-06-23T10:49:56,500.0,22.0,S
2021-06-23T10:49:51,400.0,22.0,S
2021-06-23T10:49:23,100.0,22.0,S
2021-06-23T10:48:37,600.0,22.1,S
2021-06-23T10:47:37,200.0,22.1,B
2021-06-23T10:47:07,1000.0,22.0,S
2021-06-23T10:47:05,500.0,22.0,B
2021-06-23T10:46:48,200.0,22.0,B
2021-06-23T10:46:08,500.0,22.0,B
2021-06-23T10:45:54,10700.0,22.0,S
2021-06-23T10:45:54,2000.0,22.0,S
2021-06-23T10:45:10,35000.0,22.0,S
2021-06-23T10:44:58,1000.0,22.0,S
2021-06-23T10:44:46,2000.0,22.0,S
2021-06-23T10:44:05,30500.0,22.0,S
2021-06-23T10:41:51,1000.0,22.2,B
2021-06-23T10:40:19,300.0,22.2,B
2021-06-23T10:40:17,300.0,22.1,S
2021-06-23T10:40:01,600.0,22.1,S
2021-06-23T10:39:56,1400.0,22.1,S
2021-06-23T10:38:57,200.0,22.1,S
2021-06-23T10:38:39,500.0,22.1,S
2021-06-23T10:37:53,300.0,22.2,B
2021-06-23T10:36:56,300.0,22.2,B
2021-06-23T10:36:43,2000.0,22.2,B
2021-06-23T10:35:50,300.0,22.1,S
2021-06-23T10:33:33,4800.0,22.2,S
2021-06-23T10:33:24,200.0,22.2,S
2021-06-23T10:33:16,200.0,22.2,S
2021-06-23T10:32:40,500.0,22.2,S
2021-06-23T10:32:35,3200.0,22.2,S
2021-06-23T10:32:31,1000.0,22.2,S
2021-06-23T10:31:30,500.0,22.2,S
2021-06-23T10:31:20,100.0,22.2,S
2021-06-23T10:29:25,100.0,22.2,S
2021-06-23T10:28:49,2000.0,22.2,S
2021-06-23T10:28:13,3000.0,22.2,S
2021-06-23T10:26:14,500.0,22.2,S
2021-06-23T10:25:58,1000.0,22.2,S
2021-06-23T10:25:20,1000.0,22.2,S
2021-06-23T10:24:44,1500.0,22.2,S
2021-06-23T10:24:20,100.0,22.2,S
2021-06-23T10:24:08,5000.0,22.2,S
2021-06-23T10:23:51,200.0,22.3,B
2021-06-23T10:23:26,100.0,22.2,S
2021-06-23T10:23:13,2000.0,22.2,S
2021-06-23T10:22:45,500.0,22.2,S
2021-06-23T10:21:29,1600.0,22.2,S
2021-06-23T10:21:12,800.0,22.2,S
2021-06-23T10:21:01,300.0,22.2,S
2021-06-23T10:20:44,1800.0,22.2,S
2021-06-23T10:20:25,300.0,22.2,S
2021-06-23T10:19:23,1000.0,22.2,S
2021-06-23T10:18:59,1000.0,22.2,S
2021-06-23T10:17:36,2100.0,22.2,S
2021-06-23T10:15:19,1000.0,22.2,S
2021-06-23T10:14:51,100.0,22.3,B
2021-06-23T10:13:38,1100.0,22.3,S
2021-06-23T10:12:50,200.0,22.3,S
2021-06-23T10:12:47,300.0,22.3,S
2021-06-23T10:12:36,700.0,22.3,B
2021-06-23T10:12:26,100.0,22.3,S
2021-06-23T10:11:42,1000.0,22.3,S
2021-06-23T10:11:42,1200.0,22.3,B
2021-06-23T10:11:39,5000.0,22.3,B
2021-06-23T10:11:20,10000.0,22.3,B
2021-06-23T10:11:07,900.0,22.3,B
2021-06-23T10:09:53,5000.0,22.3,B
2021-06-23T10:09:27,5000.0,22.3,B
2021-06-23T10:09:21,700.0,22.2,S
2021-06-23T10:09:12,100.0,22.2,S
2021-06-23T10:09:05,200.0,22.2,S
2021-06-23T10:08:06,2000.0,22.2,S
2021-06-23T10:06:45,6700.0,22.3,B
2021-06-23T10:05:10,2300.0,22.2,S
2021-06-23T10:04:35,100.0,22.3,B
2021-06-23T10:04:30,1000.0,22.2,S
2021-06-23T10:04:19,200.0,22.2,S
2021-06-23T10:04:10,1000.0,22.2,S
2021-06-23T10:03:39,1000.0,22.2,S
2021-06-23T10:03:03,1000.0,22.3,B
2021-06-23T10:00:30,100.0,22.3,B
2021-06-23T09:54:12,4000.0,22.3,B
2021-06-23T09:53:58,100.0,22.2,S
2021-06-23T09:53:43,2900.0,22.2,B
2021-06-23T09:53:03,2500.0,22.2,B
2021-06-23T09:52:48,5000.0,22.1,S
2021-06-23T09:52:45,1000.0,22.1,S
2021-06-23T09:52:15,3000.0,22.1,S
2021-06-23T09:52:08,100.0,22.2,B
2021-06-23T09:51:52,500.0,22.2,B
2021-06-23T09:51:20,100.0,22.2,B
2021-06-23T09:49:59,400.0,22.2,B
2021-06-23T09:49:50,400.0,22.2,B
2021-06-23T09:49:28,700.0,22.2,B
2021-06-23T09:49:04,100.0,22.2,S
2021-06-23T09:48:53,200.0,22.2,S
2021-06-23T09:48:28,1000.0,22.2,S
2021-06-23T09:48:21,500.0,22.2,S
2021-06-23T09:48:15,5000.0,22.2,S
2021-06-23T09:48:09,1500.0,22.2,S
2021-06-23T09:47:59,200.0,22.2,S
2021-06-23T09:47:33,200.0,22.2,S
2021-06-23T09:47:14,2000.0,22.2,S
2021-06-23T09:47:06,200.0,22.2,S
2021-06-23T09:47:01,600.0,22.2,S
2021-06-23T09:46:57,2000.0,22.2,S
2021-06-23T09:46:33,500.0,22.2,S
2021-06-23T09:46:15,100.0,22.2,S
2021-06-23T09:46:06,300.0,22.2,S
2021-06-23T09:46:04,500.0,22.2,S
2021-06-23T09:44:37,200.0,22.2,S
2021-06-23T09:44:24,100.0,22.2,S
2021-06-23T09:44:19,500.0,22.2,S
2021-06-23T09:43:33,300.0,22.2,S
2021-06-23T09:43:08,2000.0,22.2,S
2021-06-23T09:36:06,4500.0,22.4,B
2021-06-23T09:35:13,300.0,22.2,S
2021-06-23T09:34:58,1000.0,22.1,S
2021-06-23T09:34:48,2900.0,22.2,B
2021-06-23T09:34:45,100.0,22.1,S
2021-06-23T09:34:42,200.0,22.1,S
2021-06-23T09:34:09,2000.0,22.1,S
2021-06-23T09:34:05,100.0,22.1,S
2021-06-23T09:34:00,1000.0,22.1,S
2021-06-23T09:33:53,200.0,22.1,S
2021-06-23T09:33:39,200.0,22.1,S
2021-06-23T09:33:26,3000.0,22.1,S
2021-06-23T09:33:05,6500.0,22.1,S
2021-06-23T09:32:44,500.0,22.1,S
2021-06-23T09:32:27,5000.0,22.1,S
2021-06-23T09:32:19,700.0,22.1,S
2021-06-23T09:32:05,300.0,22.1,S
2021-06-23T09:31:38,1000.0,22.1,S
2021-06-23T09:31:37,500.0,22.2,B
2021-06-23T09:31:03,400.0,22.2,B
2021-06-23T09:30:52,100.0,22.2,B
2021-06-23T09:30:24,1900.0,22.2,B
2021-06-23T09:30:10,500.0,22.1,S
2021-06-23T09:30:06,1000.0,22.1,S
2021-06-23T09:29:22,400.0,22.1,S
2021-06-23T09:29:16,2000.0,22.2,B
2021-06-23T09:29:01,4200.0,22.2,B
2021-06-23T09:28:35,2000.0,22.2,S
2021-06-23T09:27:39,5000.0,22.2,S
2021-06-23T09:27:23,7000.0,22.3,S
2021-06-23T09:27:18,1000.0,22.3,S
2021-06-23T09:27:13,4500.0,22.3,S
2021-06-23T09:24:06,10800.0,22.4,S
2021-06-23T09:23:54,100.0,22.5,S
2021-06-23T09:22:40,600.0,22.5,S
2021-06-23T09:22:32,100.0,22.6,B
2021-06-23T09:22:05,2000.0,22.6,B
2021-06-23T09:21:40,1000.0,22.6,B
2021-06-23T09:21:35,1000.0,22.6,B
2021-06-23T09:20:58,1000.0,22.6,B
2021-06-23T09:20:05,100.0,22.6,B
2021-06-23T09:19:49,2000.0,22.6,B
2021-06-23T09:19:24,200.0,22.5,S
2021-06-23T09:19:10,100.0,22.5,S
2021-06-23T09:18:48,5000.0,22.5,B
2021-06-23T09:18:42,200.0,22.4,S
2021-06-23T09:18:15,100.0,22.4,S
2021-06-23T09:17:51,900.0,22.4,S
2021-06-23T09:17:37,1000.0,22.4,S
2021-06-23T09:17:03,100.0,22.4,S
2021-06-23T09:16:56,1000.0,22.4,S
2021-06-23T09:16:04,300.0,22.4,S
2021-06-23T09:15:19,100.0,22.4,S
2021-06-23T09:12:12,500.0,22.5,B
2021-06-23T09:11:45,1900.0,22.4,B
2021-06-23T09:11:35,1000.0,22.3,S
2021-06-23T09:10:54,2500.0,22.4,S
2021-06-23T09:10:47,200.0,22.4,S
2021-06-23T09:10:43,900.0,22.4,S
2021-06-23T09:09:09,1500.0,22.4,S
2021-06-23T09:08:39,1000.0,22.4,S
2021-06-23T09:08:08,400.0,22.4,S
2021-06-23T09:07:51,100.0,22.4,S
2021-06-23T09:07:26,1000.0,22.4,S
2021-06-23T09:06:59,500.0,22.4,S
2021-06-23T09:05:46,900.0,22.4,S
2021-06-23T09:05:21,100.0,22.4,S
2021-06-23T09:05:20,100.0,22.5,B
2021-06-23T09:05:02,2400.0,22.5,B
2021-06-23T09:04:53,100.0,22.5,S
2021-06-23T09:04:12,2000.0,22.5,S
2021-06-23T09:03:27,700.0,22.5,S
2021-06-23T09:01:15,900.0,22.7,B
2021-06-23T09:01:07,1000.0,22.7,B
2021-06-23T09:01:00,500.0,22.7,B
2021-06-23T09:00:52,100.0,22.5,B
2021-06-23T09:00:16,500.0,22.6,S
