tradingTime,volume,price,side
2021-06-23T14:22:06,1000.0,15.8,B
2021-06-23T14:21:23,1100.0,15.7,S
2021-06-23T14:21:01,100.0,15.7,S
2021-06-23T14:20:40,2000.0,15.7,S
2021-06-23T14:19:34,1000.0,15.7,S
2021-06-23T14:19:32,200.0,15.7,S
2021-06-23T14:19:01,10000.0,15.7,S
2021-06-23T14:18:38,5000.0,15.7,S
2021-06-23T14:16:37,1000.0,15.8,B
2021-06-23T14:15:29,500.0,15.7,S
2021-06-23T14:15:17,1300.0,15.8,B
2021-06-23T14:15:02,500.0,15.7,S
2021-06-23T14:15:01,2000.0,15.7,S
2021-06-23T14:14:54,100.0,15.7,S
2021-06-23T14:14:06,1000.0,15.7,S
2021-06-23T14:14:00,1000.0,15.7,S
2021-06-23T14:13:49,4000.0,15.7,S
2021-06-23T14:12:12,800.0,15.8,B
2021-06-23T14:12:08,1000.0,15.8,B
2021-06-23T14:11:55,3500.0,15.8,B
2021-06-23T14:11:20,7700.0,15.7,S
2021-06-23T14:10:38,7400.0,15.7,S
2021-06-23T14:10:25,2000.0,15.7,S
2021-06-23T14:10:05,1300.0,15.7,S
2021-06-23T14:09:21,1300.0,15.8,B
2021-06-23T14:08:40,200.0,15.8,B
2021-06-23T14:08:17,100.0,15.8,B
2021-06-23T14:08:04,15000.0,15.8,B
2021-06-23T14:07:41,20000.0,15.8,B
2021-06-23T14:06:16,100.0,15.8,B
2021-06-23T14:06:09,1000.0,15.8,B
2021-06-23T14:05:33,100.0,15.8,B
2021-06-23T14:05:06,200.0,15.7,S
2021-06-23T14:05:06,5000.0,15.7,S
2021-06-23T14:04:58,300.0,15.7,S
2021-06-23T14:03:46,500.0,15.7,S
2021-06-23T14:03:12,400.0,15.7,S
2021-06-23T14:02:56,1300.0,15.8,B
2021-06-23T14:02:43,100.0,15.7,S
2021-06-23T14:02:35,11000.0,15.8,B
2021-06-23T14:02:30,1000.0,15.7,S
2021-06-23T14:01:04,100.0,15.7,S
2021-06-23T14:00:12,2000.0,15.7,S
2021-06-23T13:58:19,200.0,15.8,B
2021-06-23T13:57:44,100.0,15.8,B
2021-06-23T13:57:32,6300.0,15.8,S
2021-06-23T13:57:10,200.0,15.8,S
2021-06-23T13:57:07,2000.0,15.8,S
2021-06-23T13:57:06,5000.0,15.8,S
2021-06-23T13:57:04,400.0,15.8,S
2021-06-23T13:57:00,20000.0,15.8,S
2021-06-23T13:56:59,600.0,15.8,S
2021-06-23T13:56:57,5000.0,15.8,S
2021-06-23T13:56:53,2000.0,15.8,S
2021-06-23T13:56:51,800.0,15.8,S
2021-06-23T13:56:46,300.0,15.8,S
2021-06-23T13:56:42,1800.0,15.8,S
2021-06-23T13:56:34,100.0,15.8,S
2021-06-23T13:56:29,2000.0,15.8,S
2021-06-23T13:56:29,5000.0,15.8,S
2021-06-23T13:56:02,1000.0,15.8,S
2021-06-23T13:55:59,5000.0,15.8,S
2021-06-23T13:55:23,3000.0,15.8,S
2021-06-23T13:55:19,2000.0,15.8,S
2021-06-23T13:54:45,200.0,15.8,S
2021-06-23T13:54:40,1000.0,15.8,S
2021-06-23T13:52:30,1000.0,15.8,S
2021-06-23T13:52:20,100.0,15.8,S
2021-06-23T13:51:52,1000.0,15.8,S
2021-06-23T13:51:42,1000.0,15.8,S
2021-06-23T13:51:37,200.0,15.8,S
2021-06-23T13:51:36,10000.0,15.8,S
2021-06-23T13:51:14,1000.0,15.8,S
2021-06-23T13:51:09,1000.0,15.8,S
2021-06-23T13:51:07,200.0,15.8,S
2021-06-23T13:50:14,200.0,15.8,S
2021-06-23T13:49:19,500.0,15.8,S
2021-06-23T13:49:14,1000.0,15.8,S
2021-06-23T13:48:20,100.0,15.8,S
2021-06-23T13:47:11,1000.0,15.8,S
2021-06-23T13:46:56,100.0,15.8,S
2021-06-23T13:46:54,200.0,15.8,S
2021-06-23T13:46:21,200.0,15.8,S
2021-06-23T13:46:08,500.0,15.8,S
2021-06-23T13:45:58,5000.0,15.8,S
2021-06-23T13:45:55,4000.0,15.8,S
2021-06-23T13:45:07,1000.0,15.8,S
2021-06-23T13:44:48,2000.0,15.8,S
2021-06-23T13:44:42,500.0,15.8,S
2021-06-23T13:44:37,100.0,15.8,S
2021-06-23T13:44:07,200.0,15.8,S
2021-06-23T13:44:04,300.0,15.8,S
2021-06-23T13:43:55,8000.0,15.8,S
2021-06-23T13:43:37,1000.0,15.8,S
2021-06-23T13:43:20,1000.0,15.8,S
2021-06-23T13:43:15,10000.0,15.8,S
2021-06-23T13:43:06,2000.0,15.8,S
2021-06-23T13:42:54,800.0,15.8,S
2021-06-23T13:42:46,1000.0,15.8,S
2021-06-23T13:42:44,1200.0,15.8,S
2021-06-23T13:42:37,400.0,15.8,S
2021-06-23T13:42:30,100.0,15.8,S
2021-06-23T13:42:02,100.0,15.8,S
2021-06-23T13:41:57,2000.0,15.8,S
2021-06-23T13:41:39,100.0,15.8,S
2021-06-23T13:41:11,3000.0,15.8,S
2021-06-23T13:40:36,1000.0,15.8,S
2021-06-23T13:39:52,200.0,15.8,S
2021-06-23T13:39:50,100.0,15.8,S
2021-06-23T13:39:21,1000.0,15.8,S
2021-06-23T13:39:18,800.0,15.9,B
2021-06-23T13:38:59,500.0,15.8,S
2021-06-23T13:38:19,7000.0,15.8,S
2021-06-23T13:38:10,1500.0,15.8,S
2021-06-23T13:37:49,900.0,15.8,B
2021-06-23T13:37:29,200.0,15.8,S
2021-06-23T13:37:25,1800.0,15.8,S
2021-06-23T13:37:24,200.0,15.8,B
2021-06-23T13:37:16,300.0,15.8,B
2021-06-23T13:36:56,5000.0,15.8,B
2021-06-23T13:36:54,300.0,15.8,B
2021-06-23T13:36:49,1000.0,15.8,B
2021-06-23T13:36:38,1100.0,15.8,B
2021-06-23T13:36:35,600.0,15.8,B
2021-06-23T13:36:13,3000.0,15.8,B
2021-06-23T13:35:55,1000.0,15.8,B
2021-06-23T13:35:40,10000.0,15.8,B
2021-06-23T13:35:29,1000.0,15.8,B
2021-06-23T13:35:15,15000.0,15.8,B
2021-06-23T13:35:06,100.0,15.8,B
2021-06-23T13:35:06,2500.0,15.8,B
2021-06-23T13:34:29,500.0,15.8,B
2021-06-23T13:33:14,5000.0,15.7,B
2021-06-23T13:32:51,200.0,15.7,B
2021-06-23T13:32:40,5000.0,15.7,B
2021-06-23T13:32:26,200.0,15.7,B
2021-06-23T13:32:25,1500.0,15.7,B
2021-06-23T13:32:07,2000.0,15.7,B
2021-06-23T13:31:54,10000.0,15.7,B
2021-06-23T13:31:44,1000.0,15.7,B
2021-06-23T13:30:25,300.0,15.6,S
2021-06-23T13:30:02,500.0,15.6,S
2021-06-23T13:29:29,2000.0,15.6,S
2021-06-23T13:29:24,5000.0,15.7,B
2021-06-23T13:29:00,6800.0,15.7,S
2021-06-23T13:28:37,200.0,15.7,S
2021-06-23T13:28:29,1500.0,15.7,S
2021-06-23T13:28:17,2200.0,15.7,S
2021-06-23T13:27:54,1000.0,15.7,S
2021-06-23T13:27:44,1000.0,15.7,S
2021-06-23T13:27:43,8800.0,15.7,B
2021-06-23T13:27:37,300.0,15.7,B
2021-06-23T13:27:29,500.0,15.7,B
2021-06-23T13:27:25,37200.0,15.6,S
2021-06-23T13:27:12,1000.0,15.7,B
2021-06-23T13:26:42,6100.0,15.7,B
2021-06-23T13:26:17,2000.0,15.7,B
2021-06-23T13:26:02,13100.0,15.7,S
2021-06-23T13:25:42,1000.0,15.7,S
2021-06-23T13:25:37,1000.0,15.7,S
2021-06-23T13:25:28,1000.0,15.7,S
2021-06-23T13:25:16,3000.0,15.7,S
2021-06-23T13:24:40,100.0,15.7,S
2021-06-23T13:24:06,1400.0,15.7,S
2021-06-23T13:23:45,2000.0,15.7,S
2021-06-23T13:23:39,10000.0,15.7,S
2021-06-23T13:23:35,1000.0,15.7,S
2021-06-23T13:23:28,300.0,15.7,S
2021-06-23T13:23:09,400.0,15.7,S
2021-06-23T13:23:01,100.0,15.7,S
2021-06-23T13:22:37,4300.0,15.7,S
2021-06-23T13:22:25,1000.0,15.7,S
2021-06-23T13:21:34,5000.0,15.7,S
2021-06-23T13:21:33,200.0,15.7,S
2021-06-23T13:21:29,100.0,15.8,B
2021-06-23T13:21:00,100.0,15.7,S
2021-06-23T13:20:49,100.0,15.7,S
2021-06-23T13:20:48,100.0,15.7,S
2021-06-23T13:20:40,1000.0,15.7,S
2021-06-23T13:20:38,100.0,15.8,B
2021-06-23T13:20:35,100.0,15.7,S
2021-06-23T13:20:31,7000.0,15.7,S
2021-06-23T13:19:58,5000.0,15.7,S
2021-06-23T13:19:50,200.0,15.7,S
2021-06-23T13:19:39,1000.0,15.7,S
2021-06-23T13:19:04,3000.0,15.7,S
2021-06-23T13:18:22,2000.0,15.7,S
2021-06-23T13:18:20,200.0,15.7,S
2021-06-23T13:18:03,500.0,15.7,S
2021-06-23T13:17:51,500.0,15.7,S
2021-06-23T13:17:43,100.0,15.8,B
2021-06-23T13:17:10,5000.0,15.8,B
2021-06-23T13:16:49,9800.0,15.8,B
2021-06-23T13:16:47,1800.0,15.8,S
2021-06-23T13:16:39,1000.0,15.8,S
2021-06-23T13:16:37,2000.0,15.8,S
2021-06-23T13:16:14,700.0,15.8,S
2021-06-23T13:16:06,100.0,15.8,S
2021-06-23T13:16:04,300.0,15.8,S
2021-06-23T13:15:52,100.0,15.8,S
2021-06-23T13:15:06,2000.0,15.8,S
2021-06-23T13:14:46,10000.0,15.8,S
2021-06-23T13:14:30,3000.0,15.8,S
2021-06-23T13:14:22,300.0,15.8,S
2021-06-23T13:14:02,3000.0,15.8,S
2021-06-23T13:13:58,7000.0,15.8,S
2021-06-23T13:13:33,100.0,15.8,S
2021-06-23T13:13:25,300.0,15.8,S
2021-06-23T13:12:56,1000.0,15.8,S
2021-06-23T13:12:06,1000.0,15.8,S
2021-06-23T13:11:26,500.0,15.8,S
2021-06-23T13:10:53,300.0,15.8,S
2021-06-23T13:10:14,500.0,15.8,S
2021-06-23T13:09:03,400.0,15.8,B
2021-06-23T13:08:56,40000.0,15.8,B
2021-06-23T13:08:36,800.0,15.8,B
2021-06-23T13:08:23,500.0,15.8,B
2021-06-23T13:07:56,200.0,15.8,B
2021-06-23T13:07:31,3700.0,15.8,B
2021-06-23T13:07:20,1000.0,15.8,B
2021-06-23T13:06:48,3500.0,15.7,S
2021-06-23T13:06:23,10000.0,15.7,S
2021-06-23T13:06:03,700.0,15.7,S
2021-06-23T13:05:53,1000.0,15.7,S
2021-06-23T13:04:36,600.0,15.7,S
2021-06-23T13:03:43,3600.0,15.7,S
2021-06-23T13:03:14,100.0,15.7,B
2021-06-23T13:03:05,1000.0,15.7,B
2021-06-23T13:02:53,1000.0,15.7,B
2021-06-23T13:02:44,100.0,15.7,B
2021-06-23T13:02:23,200.0,15.7,B
2021-06-23T13:02:18,200.0,15.7,B
2021-06-23T13:02:13,100.0,15.7,B
2021-06-23T13:02:06,6900.0,15.7,B
2021-06-23T13:01:48,300.0,15.7,B
2021-06-23T13:00:41,100.0,15.7,B
2021-06-23T13:00:40,100.0,15.7,B
2021-06-23T13:00:25,3800.0,15.7,B
2021-06-23T13:00:18,5000.0,15.7,S
2021-06-23T13:00:17,100.0,15.7,S
2021-06-23T13:00:16,2000.0,15.7,S
2021-06-23T13:00:14,600.0,15.7,S
2021-06-23T11:30:05,1000.0,15.7,S
2021-06-23T11:29:36,5000.0,15.7,S
2021-06-23T11:29:36,100.0,15.7,S
2021-06-23T11:29:16,12700.0,15.7,B
2021-06-23T11:29:06,400.0,15.6,S
2021-06-23T11:29:01,200.0,15.6,S
2021-06-23T11:28:27,1600.0,15.6,S
2021-06-23T11:28:19,1500.0,15.6,S
2021-06-23T11:28:16,2100.0,15.6,B
2021-06-23T11:28:09,10000.0,15.6,B
2021-06-23T11:28:07,100.0,15.6,B
2021-06-23T11:28:06,5000.0,15.6,B
2021-06-23T11:28:04,1000.0,15.6,B
2021-06-23T11:28:01,500.0,15.6,B
2021-06-23T11:28:00,2000.0,15.6,B
2021-06-23T11:27:18,200.0,15.5,S
2021-06-23T11:26:50,1000.0,15.6,B
2021-06-23T11:26:40,3000.0,15.6,B
2021-06-23T11:26:33,3700.0,15.6,S
2021-06-23T11:26:32,200.0,15.6,S
2021-06-23T11:25:46,1000.0,15.6,S
2021-06-23T11:25:39,2000.0,15.7,B
2021-06-23T11:25:31,7500.0,15.7,B
2021-06-23T11:25:28,10000.0,15.6,S
2021-06-23T11:25:23,3000.0,15.6,S
2021-06-23T11:25:20,6000.0,15.7,B
2021-06-23T11:25:18,100.0,15.6,S
2021-06-23T11:25:14,4000.0,15.6,S
2021-06-23T11:25:05,5000.0,15.6,S
2021-06-23T11:25:00,10000.0,15.6,S
2021-06-23T11:24:59,200.0,15.6,S
2021-06-23T11:24:49,500.0,15.6,S
2021-06-23T11:24:44,500.0,15.6,S
2021-06-23T11:24:43,1000.0,15.6,S
2021-06-23T11:24:36,2400.0,15.6,S
2021-06-23T11:24:35,8400.0,15.6,S
2021-06-23T11:24:27,4000.0,15.6,S
2021-06-23T11:24:18,400.0,15.6,B
2021-06-23T11:24:12,10000.0,15.6,B
2021-06-23T11:24:12,1000.0,15.5,S
2021-06-23T11:24:07,200.0,15.6,B
2021-06-23T11:24:05,3000.0,15.5,S
2021-06-23T11:23:50,15700.0,15.6,B
2021-06-23T11:23:25,10000.0,15.5,S
2021-06-23T11:23:10,20000.0,15.6,B
2021-06-23T11:23:04,1200.0,15.6,S
2021-06-23T11:22:43,3100.0,15.6,S
2021-06-23T11:22:33,5700.0,15.6,S
2021-06-23T11:22:32,11000.0,15.6,S
2021-06-23T11:22:28,400.0,15.6,S
2021-06-23T11:22:25,1000.0,15.6,S
2021-06-23T11:22:11,500.0,15.6,S
2021-06-23T11:22:00,70000.0,15.6,S
2021-06-23T11:21:44,600.0,15.6,S
2021-06-23T11:21:30,3000.0,15.6,S
2021-06-23T11:21:22,1500.0,15.6,S
2021-06-23T11:21:15,500.0,15.6,S
2021-06-23T11:21:06,500.0,15.6,S
2021-06-23T11:20:54,5100.0,15.6,S
2021-06-23T11:20:51,10000.0,15.6,S
2021-06-23T11:20:29,800.0,15.6,S
2021-06-23T11:20:27,100.0,15.7,B
2021-06-23T11:20:13,100.0,15.6,S
2021-06-23T11:19:14,100.0,15.7,B
2021-06-23T11:18:27,2100.0,15.7,S
2021-06-23T11:18:22,100.0,15.7,S
2021-06-23T11:18:12,300.0,15.7,S
2021-06-23T11:17:23,200.0,15.8,B
2021-06-23T11:17:07,1100.0,15.7,B
2021-06-23T11:16:16,4000.0,15.7,B
2021-06-23T11:15:58,4500.0,15.7,B
2021-06-23T11:15:49,1800.0,15.7,S
2021-06-23T11:15:45,500.0,15.7,S
2021-06-23T11:15:43,900.0,15.7,S
2021-06-23T11:15:34,1000.0,15.7,S
2021-06-23T11:15:20,1500.0,15.7,S
2021-06-23T11:15:12,100.0,15.7,S
2021-06-23T11:15:09,500.0,15.7,S
2021-06-23T11:14:35,4000.0,15.7,S
2021-06-23T11:14:06,200.0,15.7,S
2021-06-23T11:14:03,5000.0,15.7,S
2021-06-23T11:14:03,500.0,15.7,S
2021-06-23T11:13:56,5000.0,15.7,S
2021-06-23T11:13:37,1000.0,15.7,S
2021-06-23T11:13:18,200.0,15.7,S
2021-06-23T11:13:18,3100.0,15.7,S
2021-06-23T11:13:02,900.0,15.7,S
2021-06-23T11:12:52,400.0,15.7,S
2021-06-23T11:12:49,500.0,15.7,S
2021-06-23T11:12:45,3000.0,15.7,S
2021-06-23T11:12:37,9000.0,15.7,S
2021-06-23T11:12:33,2500.0,15.7,S
2021-06-23T11:12:31,1000.0,15.7,S
2021-06-23T11:11:27,2500.0,15.7,S
2021-06-23T11:11:24,400.0,15.8,B
2021-06-23T11:11:11,15000.0,15.8,B
2021-06-23T11:10:53,10000.0,15.7,S
2021-06-23T11:10:50,1000.0,15.7,S
2021-06-23T11:10:48,3000.0,15.7,S
2021-06-23T11:10:29,15000.0,15.7,S
2021-06-23T11:10:24,10000.0,15.7,S
2021-06-23T11:10:16,500.0,15.7,S
2021-06-23T11:10:11,200.0,15.7,S
2021-06-23T11:09:52,6400.0,15.7,S
2021-06-23T11:09:49,200.0,15.8,B
2021-06-23T11:09:44,3200.0,15.7,S
2021-06-23T11:09:22,1000.0,15.7,S
2021-06-23T11:08:21,300.0,15.7,S
2021-06-23T11:07:58,7000.0,15.7,S
2021-06-23T11:07:48,2900.0,15.8,S
2021-06-23T11:07:26,2000.0,15.8,S
2021-06-23T11:07:23,500.0,15.8,S
2021-06-23T11:07:20,200.0,15.8,S
2021-06-23T11:07:13,500.0,15.8,S
2021-06-23T11:07:11,4000.0,15.8,S
2021-06-23T11:06:53,1000.0,15.8,S
2021-06-23T11:06:50,20000.0,15.8,S
2021-06-23T11:06:38,4000.0,15.8,S
2021-06-23T11:06:33,1000.0,15.8,S
2021-06-23T11:06:30,1200.0,15.8,S
2021-06-23T11:06:17,500.0,15.8,S
2021-06-23T11:05:48,300.0,15.8,S
2021-06-23T11:05:47,100.0,15.9,B
2021-06-23T11:05:40,1300.0,15.8,S
2021-06-23T11:05:24,400.0,15.9,B
2021-06-23T11:05:05,15000.0,15.8,S
2021-06-23T11:04:27,100.0,15.9,B
2021-06-23T11:04:03,200.0,15.9,S
2021-06-23T11:04:02,1000.0,15.9,S
2021-06-23T11:03:51,1000.0,15.9,S
2021-06-23T11:03:01,2000.0,15.9,S
2021-06-23T11:02:58,2500.0,15.9,S
2021-06-23T11:02:24,5000.0,15.9,S
2021-06-23T11:01:43,4000.0,15.9,S
2021-06-23T11:01:33,8600.0,15.9,S
2021-06-23T11:01:01,2200.0,15.9,B
2021-06-23T11:00:47,30000.0,15.9,B
2021-06-23T11:00:21,200.0,15.9,B
2021-06-23T11:00:08,700.0,15.9,S
2021-06-23T10:59:47,500.0,15.9,S
2021-06-23T10:59:41,500.0,15.9,S
2021-06-23T10:59:30,800.0,15.9,S
2021-06-23T10:59:14,300.0,15.9,S
2021-06-23T10:59:05,1000.0,15.9,S
2021-06-23T10:58:55,500.0,15.9,S
2021-06-23T10:58:36,3000.0,15.9,S
2021-06-23T10:58:34,10000.0,15.9,S
2021-06-23T10:57:44,100.0,15.9,S
2021-06-23T10:57:36,2800.0,15.9,S
2021-06-23T10:57:28,6000.0,15.9,S
2021-06-23T10:57:11,100.0,15.9,S
2021-06-23T10:56:53,500.0,15.9,S
2021-06-23T10:56:13,1000.0,15.9,S
2021-06-23T10:56:01,400.0,15.9,S
2021-06-23T10:55:58,800.0,15.9,S
2021-06-23T10:55:46,400.0,15.9,S
2021-06-23T10:55:38,200.0,15.9,S
2021-06-23T10:55:35,2000.0,15.9,S
2021-06-23T10:55:28,100.0,15.9,S
2021-06-23T10:55:24,500.0,15.9,S
2021-06-23T10:55:08,100.0,15.9,S
2021-06-23T10:54:50,5000.0,15.9,S
2021-06-23T10:53:40,200.0,15.9,S
2021-06-23T10:53:34,900.0,15.9,S
2021-06-23T10:53:26,5000.0,15.9,S
2021-06-23T10:53:19,400.0,15.9,S
2021-06-23T10:53:14,2200.0,15.9,S
2021-06-23T10:52:55,500.0,15.9,S
2021-06-23T10:52:32,3900.0,15.9,S
2021-06-23T10:52:28,500.0,15.9,S
2021-06-23T10:52:26,1000.0,15.9,S
2021-06-23T10:52:21,300.0,15.9,S
2021-06-23T10:51:53,2000.0,15.9,S
2021-06-23T10:51:43,500.0,16.0,B
2021-06-23T10:51:34,100.0,16.0,B
2021-06-23T10:50:29,2000.0,16.0,B
2021-06-23T10:50:20,9700.0,16.0,B
2021-06-23T10:49:58,700.0,15.9,S
2021-06-23T10:49:47,2000.0,15.9,S
2021-06-23T10:49:35,100.0,16.0,B
2021-06-23T10:48:08,100.0,16.0,B
2021-06-23T10:48:07,7000.0,15.9,S
2021-06-23T10:47:02,4900.0,16.0,S
2021-06-23T10:46:57,100.0,16.0,S
2021-06-23T10:46:46,1000.0,16.0,S
2021-06-23T10:46:29,1000.0,16.0,S
2021-06-23T10:46:28,4500.0,16.1,B
2021-06-23T10:46:27,500.0,16.0,S
2021-06-23T10:46:26,2000.0,16.0,S
2021-06-23T10:46:13,4000.0,16.0,S
2021-06-23T10:45:52,500.0,16.0,S
2021-06-23T10:45:51,5000.0,16.0,S
2021-06-23T10:45:49,20000.0,16.0,S
2021-06-23T10:45:41,2000.0,16.0,S
2021-06-23T10:45:38,5000.0,16.0,S
2021-06-23T10:45:31,10000.0,16.0,S
2021-06-23T10:45:19,2000.0,16.0,S
2021-06-23T10:44:48,2400.0,16.0,S
2021-06-23T10:44:37,200.0,16.0,S
2021-06-23T10:44:31,20000.0,16.0,S
2021-06-23T10:44:25,1000.0,16.0,S
2021-06-23T10:44:11,1000.0,16.0,S
2021-06-23T10:44:11,100.0,16.0,S
2021-06-23T10:43:46,500.0,16.0,S
2021-06-23T10:43:35,1000.0,16.0,S
2021-06-23T10:41:23,100.0,16.1,B
2021-06-23T10:41:10,3000.0,16.0,S
2021-06-23T10:40:29,200.0,16.0,S
2021-06-23T10:39:25,5000.0,16.0,S
2021-06-23T10:39:09,300.0,16.1,B
2021-06-23T10:39:07,1000.0,16.0,S
2021-06-23T10:38:10,100.0,16.1,B
2021-06-23T10:37:35,600.0,16.1,B
2021-06-23T10:37:25,2000.0,16.1,B
2021-06-23T10:37:12,100.0,16.0,S
2021-06-23T10:37:03,700.0,16.0,S
2021-06-23T10:36:54,5000.0,16.0,S
2021-06-23T10:36:49,100.0,16.0,S
2021-06-23T10:36:46,500.0,16.0,S
2021-06-23T10:36:41,500.0,16.0,S
2021-06-23T10:36:34,2000.0,16.0,S
2021-06-23T10:36:25,800.0,16.0,S
2021-06-23T10:36:18,500.0,16.0,S
2021-06-23T10:36:15,600.0,16.0,S
2021-06-23T10:35:37,5900.0,16.0,S
2021-06-23T10:35:11,800.0,16.0,S
2021-06-23T10:34:59,300.0,16.0,S
2021-06-23T10:34:51,1900.0,16.0,S
2021-06-23T10:34:15,1000.0,16.0,S
2021-06-23T10:34:09,100.0,16.0,S
2021-06-23T10:34:07,200.0,16.0,S
2021-06-23T10:34:04,400.0,16.0,S
2021-06-23T10:33:46,100.0,16.0,S
2021-06-23T10:33:33,2000.0,16.0,S
2021-06-23T10:33:14,500.0,16.0,S
2021-06-23T10:33:07,500.0,16.0,S
2021-06-23T10:32:53,200.0,16.0,S
2021-06-23T10:32:44,500.0,16.0,S
2021-06-23T10:32:43,1000.0,16.0,S
2021-06-23T10:32:43,100.0,16.0,S
2021-06-23T10:32:37,100.0,16.0,S
2021-06-23T10:32:13,10000.0,16.0,S
2021-06-23T10:32:12,4200.0,16.1,B
2021-06-23T10:32:01,3600.0,16.0,S
2021-06-23T10:31:53,500.0,16.0,S
2021-06-23T10:31:44,300.0,16.1,B
2021-06-23T10:31:40,1000.0,16.0,S
2021-06-23T10:31:35,100.0,16.1,B
2021-06-23T10:31:33,2000.0,16.1,B
2021-06-23T10:31:31,200.0,16.0,S
2021-06-23T10:31:20,1000.0,16.0,S
2021-06-23T10:31:18,500.0,16.0,S
2021-06-23T10:31:07,42800.0,16.0,S
2021-06-23T10:31:06,28900.0,16.0,B
2021-06-23T10:31:05,100.0,15.9,B
2021-06-23T10:31:03,2100.0,15.9,B
2021-06-23T10:30:24,1200.0,15.9,B
2021-06-23T10:30:14,100.0,15.9,B
2021-06-23T10:29:40,100.0,15.9,S
2021-06-23T10:29:16,100.0,15.9,S
2021-06-23T10:29:02,500.0,15.9,S
2021-06-23T10:27:43,800.0,15.9,S
2021-06-23T10:27:34,100.0,15.9,B
2021-06-23T10:27:21,100.0,15.9,B
2021-06-23T10:27:11,100.0,15.9,B
2021-06-23T10:26:51,1000.0,15.9,B
2021-06-23T10:26:49,100.0,15.9,B
2021-06-23T10:26:42,1600.0,15.9,B
2021-06-23T10:26:39,100.0,15.9,B
2021-06-23T10:26:36,1000.0,15.9,B
2021-06-23T10:25:56,100.0,15.9,B
2021-06-23T10:25:09,300.0,15.9,B
2021-06-23T10:24:59,200.0,15.8,S
2021-06-23T10:24:52,1000.0,15.9,S
2021-06-23T10:24:23,700.0,15.9,S
2021-06-23T10:24:17,1000.0,15.9,S
2021-06-23T10:24:06,1000.0,15.9,S
2021-06-23T10:23:55,800.0,15.9,S
2021-06-23T10:23:55,50000.0,16.0,B
2021-06-23T10:23:40,100.0,15.9,S
2021-06-23T10:23:18,6000.0,16.0,B
2021-06-23T10:23:14,100.0,15.9,S
2021-06-23T10:23:07,900.0,16.0,B
2021-06-23T10:21:54,1000.0,16.0,B
2021-06-23T10:21:30,2000.0,16.0,B
2021-06-23T10:21:13,800.0,16.0,B
2021-06-23T10:20:57,300.0,15.9,B
2021-06-23T10:20:43,1000.0,16.0,B
2021-06-23T10:20:31,12000.0,16.0,B
2021-06-23T10:20:29,88000.0,16.0,B
2021-06-23T10:20:01,30000.0,15.9,B
2021-06-23T10:19:44,5000.0,15.8,S
2021-06-23T10:19:44,600.0,15.9,B
2021-06-23T10:19:21,1000.0,15.8,S
2021-06-23T10:18:49,1900.0,15.8,S
2021-06-23T10:18:08,500.0,15.8,S
2021-06-23T10:17:42,1000.0,15.8,S
2021-06-23T10:17:31,600.0,15.8,S
2021-06-23T10:17:24,100.0,15.9,B
2021-06-23T10:17:18,100.0,15.8,S
2021-06-23T10:17:13,1000.0,15.9,B
2021-06-23T10:17:08,100.0,15.8,S
2021-06-23T10:17:05,100.0,15.8,S
2021-06-23T10:17:02,200.0,15.8,S
2021-06-23T10:16:24,2500.0,15.8,S
2021-06-23T10:16:13,100.0,15.8,S
2021-06-23T10:16:09,1800.0,15.8,S
2021-06-23T10:15:27,1100.0,15.8,S
2021-06-23T10:15:16,100.0,15.8,S
2021-06-23T10:15:12,1000.0,15.8,S
2021-06-23T10:15:12,1000.0,15.8,S
2021-06-23T10:15:05,300.0,15.8,S
2021-06-23T10:14:48,1000.0,15.8,S
2021-06-23T10:14:25,5000.0,15.8,S
2021-06-23T10:14:25,1700.0,15.8,S
2021-06-23T10:13:59,2000.0,15.8,S
2021-06-23T10:13:50,300.0,15.9,B
2021-06-23T10:13:49,200.0,15.8,S
2021-06-23T10:13:16,500.0,15.8,S
2021-06-23T10:12:47,1500.0,15.8,S
2021-06-23T10:12:33,200.0,15.9,B
2021-06-23T10:11:28,1000.0,15.9,B
2021-06-23T10:10:56,1000.0,15.9,B
2021-06-23T10:10:49,2400.0,15.9,B
2021-06-23T10:10:33,2000.0,15.9,B
2021-06-23T10:09:43,1000.0,15.9,B
2021-06-23T10:09:19,2200.0,15.8,S
2021-06-23T10:09:19,300.0,15.8,S
2021-06-23T10:09:05,1300.0,15.8,S
2021-06-23T10:08:53,200.0,15.8,S
2021-06-23T10:08:20,2000.0,15.8,S
2021-06-23T10:08:03,200.0,15.9,B
2021-06-23T10:08:03,1000.0,15.9,B
2021-06-23T10:07:24,1000.0,15.9,B
2021-06-23T10:07:14,800.0,15.8,S
2021-06-23T10:07:05,1500.0,15.8,S
2021-06-23T10:06:24,2000.0,15.8,S
2021-06-23T10:06:18,1000.0,15.8,S
2021-06-23T10:06:15,10000.0,15.8,S
2021-06-23T10:05:53,100.0,15.8,S
2021-06-23T10:05:52,300.0,15.8,S
2021-06-23T10:05:40,300.0,15.8,S
2021-06-23T10:05:36,200.0,15.8,S
2021-06-23T10:05:26,400.0,15.8,S
2021-06-23T10:05:13,1000.0,15.8,S
2021-06-23T10:04:44,100.0,15.8,S
2021-06-23T10:04:40,5000.0,15.8,S
2021-06-23T10:04:25,2000.0,15.8,S
2021-06-23T10:04:18,1500.0,15.8,S
2021-06-23T10:04:14,600.0,15.8,S
2021-06-23T10:04:02,1000.0,15.8,S
2021-06-23T10:03:52,1000.0,15.8,S
2021-06-23T10:03:48,100.0,15.9,B
2021-06-23T10:03:22,2600.0,15.8,S
2021-06-23T10:03:18,2000.0,15.8,S
2021-06-23T10:03:10,500.0,15.8,S
2021-06-23T10:03:08,5000.0,15.8,S
2021-06-23T10:02:40,2000.0,15.8,S
2021-06-23T10:02:32,2000.0,15.8,S
2021-06-23T10:02:25,700.0,15.8,S
2021-06-23T10:02:21,10000.0,15.8,S
2021-06-23T10:01:50,1000.0,15.8,S
2021-06-23T10:01:47,500.0,15.9,B
2021-06-23T10:01:39,400.0,15.8,S
2021-06-23T10:01:28,500.0,15.8,S
2021-06-23T10:01:22,100.0,15.8,S
2021-06-23T10:01:17,100.0,15.8,S
2021-06-23T10:01:01,500.0,15.8,S
2021-06-23T10:00:17,1000.0,15.8,S
2021-06-23T10:00:01,400.0,15.8,S
2021-06-23T09:58:55,3000.0,15.8,S
2021-06-23T09:58:10,500.0,15.9,B
2021-06-23T09:57:25,300.0,15.9,B
2021-06-23T09:57:20,100.0,15.9,B
2021-06-23T09:56:45,200.0,15.9,B
2021-06-23T09:56:32,1000.0,15.9,B
2021-06-23T09:55:48,2700.0,15.9,S
2021-06-23T09:55:43,1400.0,15.9,B
2021-06-23T09:55:41,100.0,15.9,B
2021-06-23T09:55:12,600.0,15.9,S
2021-06-23T09:54:50,2000.0,15.9,S
2021-06-23T09:54:49,100.0,16.0,B
2021-06-23T09:54:24,200.0,16.0,B
2021-06-23T09:54:15,100.0,16.0,B
2021-06-23T09:53:08,800.0,16.0,B
2021-06-23T09:52:56,600.0,16.0,B
2021-06-23T09:52:44,1500.0,15.9,S
2021-06-23T09:52:34,600.0,16.0,B
2021-06-23T09:52:27,500.0,16.0,S
2021-06-23T09:52:20,500.0,16.0,S
2021-06-23T09:52:07,1000.0,16.0,S
2021-06-23T09:52:06,1000.0,16.0,S
2021-06-23T09:52:04,300.0,16.0,S
2021-06-23T09:52:01,200.0,16.0,S
2021-06-23T09:51:52,200.0,16.0,S
2021-06-23T09:51:46,100.0,16.0,S
2021-06-23T09:51:32,100.0,16.0,S
2021-06-23T09:51:31,200.0,16.0,S
2021-06-23T09:51:26,500.0,16.0,S
2021-06-23T09:51:21,100.0,16.0,S
2021-06-23T09:51:13,145300.0,16.0,B
2021-06-23T09:51:05,5000.0,15.8,S
2021-06-23T09:50:41,2800.0,15.8,S
2021-06-23T09:50:20,100.0,15.8,S
2021-06-23T09:50:14,5200.0,15.8,S
2021-06-23T09:49:46,300.0,15.8,S
2021-06-23T09:49:33,100.0,15.8,S
2021-06-23T09:49:25,5000.0,15.8,S
2021-06-23T09:49:22,500.0,15.8,S
2021-06-23T09:49:13,4600.0,15.8,B
2021-06-23T09:48:49,100.0,15.8,B
2021-06-23T09:48:23,1700.0,15.8,S
2021-06-23T09:48:14,100.0,15.8,S
2021-06-23T09:48:12,6700.0,15.8,S
2021-06-23T09:47:54,3000.0,15.8,S
2021-06-23T09:47:39,100.0,15.8,S
2021-06-23T09:47:31,8400.0,15.8,B
2021-06-23T09:47:19,200.0,15.8,B
2021-06-23T09:47:12,2700.0,15.8,S
2021-06-23T09:47:10,4100.0,15.8,S
2021-06-23T09:46:41,100.0,15.8,S
2021-06-23T09:46:39,100.0,15.8,S
2021-06-23T09:46:31,500.0,15.8,S
2021-06-23T09:46:25,5000.0,15.8,S
2021-06-23T09:46:17,1000.0,15.8,S
2021-06-23T09:46:09,4000.0,15.8,S
2021-06-23T09:45:54,100.0,15.8,S
2021-06-23T09:45:51,400.0,15.8,B
2021-06-23T09:45:51,200.0,15.8,S
2021-06-23T09:45:36,100.0,15.8,S
2021-06-23T09:45:33,300.0,15.8,S
2021-06-23T09:45:32,1300.0,15.8,S
2021-06-23T09:45:30,300.0,15.8,S
2021-06-23T09:45:26,30100.0,15.8,S
2021-06-23T09:45:10,100.0,15.8,S
2021-06-23T09:44:54,500.0,15.8,S
2021-06-23T09:44:11,1000.0,15.8,S
2021-06-23T09:43:54,3000.0,15.8,S
2021-06-23T09:43:49,5000.0,15.8,S
2021-06-23T09:43:28,300.0,15.9,B
2021-06-23T09:43:24,5000.0,15.8,S
2021-06-23T09:43:19,6000.0,15.9,B
2021-06-23T09:43:04,25400.0,15.9,B
2021-06-23T09:43:02,100.0,15.8,S
2021-06-23T09:43:01,500.0,15.8,S
2021-06-23T09:42:24,300.0,15.8,S
2021-06-23T09:42:19,500.0,15.8,S
2021-06-23T09:42:18,100.0,15.8,S
2021-06-23T09:41:38,500.0,15.8,S
2021-06-23T09:41:20,1000.0,15.8,S
2021-06-23T09:41:10,700.0,15.8,S
2021-06-23T09:41:04,100.0,15.8,S
2021-06-23T09:40:57,100.0,15.8,S
2021-06-23T09:40:43,400.0,15.8,S
2021-06-23T09:40:42,100.0,15.8,S
2021-06-23T09:40:41,800.0,15.8,S
2021-06-23T09:40:33,2000.0,15.8,S
2021-06-23T09:40:30,3000.0,15.8,S
2021-06-23T09:40:27,2000.0,15.8,S
2021-06-23T09:40:12,5000.0,15.8,S
2021-06-23T09:40:10,20000.0,15.8,S
2021-06-23T09:39:38,1000.0,15.8,S
2021-06-23T09:39:33,100.0,15.8,S
2021-06-23T09:39:18,300.0,15.8,S
2021-06-23T09:38:56,5000.0,15.8,S
2021-06-23T09:38:51,1000.0,15.8,S
2021-06-23T09:38:19,1000.0,15.8,S
2021-06-23T09:37:53,3000.0,15.8,S
2021-06-23T09:37:44,300.0,15.8,S
2021-06-23T09:37:43,1000.0,15.8,S
2021-06-23T09:37:24,200.0,15.8,S
2021-06-23T09:37:18,500.0,15.8,S
2021-06-23T09:36:39,5000.0,15.8,S
2021-06-23T09:36:38,10000.0,15.8,S
2021-06-23T09:36:35,1000.0,15.8,S
2021-06-23T09:36:34,100.0,15.9,B
2021-06-23T09:36:21,100.0,15.8,S
2021-06-23T09:36:07,5000.0,15.8,S
2021-06-23T09:35:55,12600.0,15.8,S
2021-06-23T09:35:43,11100.0,15.8,B
2021-06-23T09:35:38,5000.0,15.8,B
2021-06-23T09:35:33,1000.0,15.8,B
2021-06-23T09:35:26,10000.0,15.8,B
2021-06-23T09:34:58,2000.0,15.7,S
2021-06-23T09:34:53,300.0,15.8,B
2021-06-23T09:34:42,9000.0,15.8,B
2021-06-23T09:34:28,1700.0,15.8,B
2021-06-23T09:34:07,2000.0,15.8,B
2021-06-23T09:33:46,200.0,15.8,B
2021-06-23T09:33:36,1500.0,15.8,B
2021-06-23T09:33:35,1000.0,15.8,B
2021-06-23T09:33:29,1600.0,15.8,B
2021-06-23T09:33:15,200.0,15.8,B
2021-06-23T09:33:09,100.0,15.8,B
2021-06-23T09:32:54,1000.0,15.8,B
2021-06-23T09:32:53,1000.0,15.8,B
2021-06-23T09:32:51,200.0,15.8,B
2021-06-23T09:32:43,7900.0,15.8,S
2021-06-23T09:32:40,300.0,15.8,S
2021-06-23T09:32:28,300.0,15.8,S
2021-06-23T09:32:20,10000.0,15.8,S
2021-06-23T09:31:51,100.0,15.9,B
2021-06-23T09:31:36,2000.0,15.8,S
2021-06-23T09:31:03,2000.0,15.8,S
2021-06-23T09:30:53,200.0,15.8,S
2021-06-23T09:30:19,300.0,15.8,S
2021-06-23T09:30:16,1000.0,15.8,S
2021-06-23T09:30:14,100.0,15.8,S
2021-06-23T09:30:02,2000.0,15.8,S
2021-06-23T09:29:54,2000.0,15.8,S
2021-06-23T09:29:51,200.0,15.8,S
2021-06-23T09:29:33,700.0,15.8,S
2021-06-23T09:29:27,4300.0,15.8,B
2021-06-23T09:29:06,1000.0,15.8,B
2021-06-23T09:29:02,300.0,15.7,S
2021-06-23T09:28:47,15000.0,15.8,B
2021-06-23T09:28:41,10000.0,15.8,B
2021-06-23T09:28:39,2000.0,15.8,B
2021-06-23T09:28:39,100.0,15.8,B
2021-06-23T09:28:33,100.0,15.8,B
2021-06-23T09:28:26,1000.0,15.8,B
2021-06-23T09:27:47,5000.0,15.8,B
2021-06-23T09:27:13,900.0,15.8,B
2021-06-23T09:27:08,100.0,15.7,S
2021-06-23T09:27:06,3000.0,15.7,S
2021-06-23T09:26:54,500.0,15.7,S
2021-06-23T09:26:47,1000.0,15.7,S
2021-06-23T09:26:40,400.0,15.7,S
2021-06-23T09:26:30,100.0,15.7,S
2021-06-23T09:26:29,200.0,15.8,B
2021-06-23T09:26:24,3700.0,15.7,S
2021-06-23T09:25:23,2000.0,15.7,S
2021-06-23T09:25:23,10800.0,15.8,S
2021-06-23T09:25:12,100.0,15.8,S
2021-06-23T09:25:11,500.0,15.8,S
2021-06-23T09:25:05,1000.0,15.8,S
2021-06-23T09:25:05,100.0,15.8,S
2021-06-23T09:25:04,1000.0,15.8,S
2021-06-23T09:25:01,5000.0,15.8,S
2021-06-23T09:24:39,300.0,15.8,S
2021-06-23T09:24:33,2000.0,15.8,S
2021-06-23T09:24:29,2000.0,15.8,S
2021-06-23T09:24:28,1000.0,15.8,S
2021-06-23T09:24:21,300.0,15.8,S
2021-06-23T09:24:17,10000.0,15.8,S
2021-06-23T09:24:15,300.0,15.8,S
2021-06-23T09:24:10,500.0,15.8,S
2021-06-23T09:23:57,1100.0,15.8,S
2021-06-23T09:23:43,1100.0,15.8,S
2021-06-23T09:23:41,200.0,15.8,S
2021-06-23T09:23:26,2000.0,15.8,S
2021-06-23T09:23:16,2000.0,15.8,S
2021-06-23T09:23:06,500.0,15.8,S
2021-06-23T09:23:05,2000.0,15.8,S
2021-06-23T09:22:43,200.0,15.8,S
2021-06-23T09:21:56,100.0,15.8,S
2021-06-23T09:21:35,6200.0,15.9,B
2021-06-23T09:21:33,500.0,15.9,S
2021-06-23T09:21:31,1000.0,15.9,S
2021-06-23T09:21:23,10300.0,15.9,B
2021-06-23T09:21:09,19700.0,15.9,S
2021-06-23T09:21:07,3000.0,15.9,S
2021-06-23T09:20:55,5000.0,15.9,S
2021-06-23T09:20:45,500.0,15.9,S
2021-06-23T09:20:34,100.0,15.9,S
2021-06-23T09:20:24,3000.0,15.9,S
2021-06-23T09:20:22,2000.0,15.9,S
2021-06-23T09:20:04,200.0,15.9,S
2021-06-23T09:20:03,1200.0,15.9,S
2021-06-23T09:20:01,100.0,15.9,S
2021-06-23T09:19:54,2000.0,15.9,S
2021-06-23T09:19:50,1100.0,15.9,S
2021-06-23T09:19:47,100.0,15.9,S
2021-06-23T09:19:35,5000.0,15.9,S
2021-06-23T09:19:34,900.0,15.9,S
2021-06-23T09:19:30,1000.0,15.9,S
2021-06-23T09:19:30,500.0,15.9,S
2021-06-23T09:19:26,1000.0,15.9,S
2021-06-23T09:19:18,400.0,15.9,S
2021-06-23T09:19:16,3000.0,15.9,S
2021-06-23T09:19:00,5000.0,15.9,S
2021-06-23T09:18:54,300.0,16.0,B
2021-06-23T09:18:22,100.0,16.0,B
2021-06-23T09:18:04,3900.0,16.0,B
2021-06-23T09:17:56,100.0,16.0,B
2021-06-23T09:17:30,800.0,16.0,B
2021-06-23T09:17:19,6000.0,16.0,B
2021-06-23T09:17:07,100.0,16.0,B
2021-06-23T09:16:52,3000.0,16.0,B
2021-06-23T09:16:42,10000.0,16.0,B
2021-06-23T09:16:37,1000.0,15.9,S
2021-06-23T09:16:37,1000.0,15.9,S
2021-06-23T09:15:54,100.0,15.9,S
2021-06-23T09:15:42,300.0,15.9,S
2021-06-23T09:15:40,6600.0,16.0,B
2021-06-23T09:15:30,200.0,16.0,B
2021-06-23T09:15:29,20000.0,16.0,B
2021-06-23T09:15:14,400.0,16.0,B
2021-06-23T09:15:12,100.0,15.9,S
2021-06-23T09:15:02,14600.0,16.0,B
2021-06-23T09:14:43,500.0,15.9,S
2021-06-23T09:14:29,1000.0,15.9,S
2021-06-23T09:14:04,1600.0,15.9,B
2021-06-23T09:13:44,30000.0,15.9,B
2021-06-23T09:13:37,200.0,15.8,S
2021-06-23T09:13:27,100.0,15.8,S
2021-06-23T09:12:56,700.0,15.8,S
2021-06-23T09:12:22,500.0,15.8,S
2021-06-23T09:12:20,500.0,15.8,S
2021-06-23T09:11:59,2000.0,15.8,S
2021-06-23T09:11:40,12900.0,15.8,S
2021-06-23T09:11:38,1000.0,15.8,S
2021-06-23T09:11:16,1000.0,15.8,S
2021-06-23T09:10:41,1000.0,15.8,S
2021-06-23T09:10:05,3500.0,15.8,S
2021-06-23T09:09:56,400.0,15.9,B
2021-06-23T09:09:21,3000.0,15.8,B
2021-06-23T09:09:09,100.0,15.8,B
2021-06-23T09:09:05,300.0,15.8,B
2021-06-23T09:09:01,1000.0,15.8,B
2021-06-23T09:08:57,10000.0,15.8,B
2021-06-23T09:08:56,500.0,15.8,B
2021-06-23T09:08:47,5000.0,15.8,B
2021-06-23T09:08:41,2500.0,15.7,S
2021-06-23T09:08:37,2000.0,15.8,B
2021-06-23T09:08:31,1000.0,15.8,B
2021-06-23T09:08:23,3000.0,15.8,B
2021-06-23T09:08:16,3000.0,15.8,B
2021-06-23T09:08:13,200.0,15.8,B
2021-06-23T09:08:00,4000.0,15.8,B
2021-06-23T09:07:59,100.0,15.8,B
2021-06-23T09:07:49,20000.0,15.9,B
2021-06-23T09:07:41,37100.0,15.8,S
2021-06-23T09:07:40,2000.0,15.8,S
2021-06-23T09:07:24,300.0,15.8,S
2021-06-23T09:07:22,500.0,15.8,S
2021-06-23T09:07:09,500.0,15.8,S
2021-06-23T09:06:53,9800.0,15.8,B
2021-06-23T09:06:51,2000.0,15.8,B
2021-06-23T09:06:48,52000.0,15.6,S
2021-06-23T09:06:26,9500.0,15.8,B
2021-06-23T09:06:24,1500.0,15.8,S
2021-06-23T09:06:18,500.0,15.8,S
2021-06-23T09:06:16,100.0,15.8,S
2021-06-23T09:06:01,5000.0,15.8,B
2021-06-23T09:06:00,33600.0,15.8,B
2021-06-23T09:05:56,10000.0,15.8,B
2021-06-23T09:05:45,15000.0,15.8,B
2021-06-23T09:05:40,2000.0,15.7,S
2021-06-23T09:05:33,1000.0,15.7,S
2021-06-23T09:05:22,100.0,15.8,B
2021-06-23T09:05:19,2000.0,15.7,S
2021-06-23T09:05:01,1000.0,15.8,B
2021-06-23T09:04:46,100.0,15.8,B
2021-06-23T09:04:43,100.0,15.8,B
2021-06-23T09:04:38,500.0,15.8,B
2021-06-23T09:04:33,100.0,15.8,B
2021-06-23T09:04:32,1000.0,15.8,B
2021-06-23T09:04:32,1500.0,15.7,S
2021-06-23T09:04:20,1000.0,15.8,B
2021-06-23T09:03:53,20300.0,15.8,B
2021-06-23T09:03:49,3900.0,15.7,B
2021-06-23T09:03:43,300.0,15.7,B
2021-06-23T09:03:41,1000.0,15.7,B
2021-06-23T09:03:36,500.0,15.7,B
2021-06-23T09:03:29,500.0,15.7,B
2021-06-23T09:03:25,100.0,15.7,B
2021-06-23T09:03:11,500.0,15.7,B
2021-06-23T09:03:06,18200.0,15.7,S
2021-06-23T09:03:02,500.0,15.7,S
2021-06-23T09:02:50,5000.0,15.7,S
2021-06-23T09:02:48,100.0,15.7,S
2021-06-23T09:02:47,300.0,15.7,S
2021-06-23T09:02:33,18200.0,15.8,S
2021-06-23T09:02:13,800.0,15.8,S
2021-06-23T09:02:09,2000.0,15.8,S
2021-06-23T09:01:53,3000.0,15.8,S
2021-06-23T09:01:52,100.0,16.0,B
2021-06-23T09:01:37,5000.0,15.8,S
2021-06-23T09:01:36,2000.0,16.0,B
2021-06-23T09:01:27,500.0,16.0,B
2021-06-23T09:01:21,1000.0,16.0,B
2021-06-23T09:01:19,400.0,16.0,B
2021-06-23T09:01:10,1200.0,15.9,B
2021-06-23T09:01:09,100.0,15.9,B
2021-06-23T09:01:06,200.0,15.9,B
2021-06-23T09:01:04,200.0,15.9,B
2021-06-23T09:01:04,500.0,15.9,B
2021-06-23T09:01:00,2200.0,15.9,S
2021-06-23T09:01:00,2000.0,15.9,S
2021-06-23T09:00:56,400.0,16.0,B
2021-06-23T09:00:52,1000.0,15.9,S
2021-06-23T09:00:50,3200.0,16.0,S
2021-06-23T09:00:44,2000.0,16.0,S
2021-06-23T09:00:38,1700.0,16.1,S
2021-06-23T09:00:36,100.0,16.2,B
2021-06-23T09:00:34,100.0,16.2,B
2021-06-23T09:00:28,200.0,16.0,S
