tradingTime,volume,price,side
2021-06-23T14:22:31,300.0,28.1,B
2021-06-23T14:22:30,300.0,28.1,B
2021-06-23T14:21:39,500.0,28.1,B
2021-06-23T14:20:27,1000.0,28.1,B
2021-06-23T14:20:16,100.0,28.1,B
2021-06-23T14:20:13,100.0,28.1,B
2021-06-23T14:20:10,1000.0,28.1,B
2021-06-23T14:20:08,500.0,28.1,B
2021-06-23T14:20:00,10000.0,28.1,B
2021-06-23T14:19:45,500.0,28.1,B
2021-06-23T14:19:19,200.0,28.0,S
2021-06-23T14:18:44,1000.0,28.0,S
2021-06-23T14:18:32,1900.0,28.0,B
2021-06-23T14:18:02,500.0,28.0,B
2021-06-23T14:17:28,200.0,28.0,B
2021-06-23T14:17:08,1000.0,28.0,B
2021-06-23T14:16:56,2400.0,28.0,S
2021-06-23T14:16:45,200.0,28.0,S
2021-06-23T14:16:25,800.0,28.0,S
2021-06-23T14:16:23,200.0,28.0,B
2021-06-23T14:16:03,100.0,28.0,B
2021-06-23T14:15:48,1000.0,28.0,B
2021-06-23T14:15:34,100.0,28.0,B
2021-06-23T14:15:09,100.0,28.0,B
2021-06-23T14:15:08,500.0,28.0,B
2021-06-23T14:15:02,1000.0,28.0,B
2021-06-23T14:14:51,1000.0,28.0,B
2021-06-23T14:14:49,400.0,28.0,B
2021-06-23T14:14:45,1000.0,28.0,B
2021-06-23T14:14:38,4000.0,28.0,B
2021-06-23T14:13:49,3000.0,28.0,B
2021-06-23T14:13:45,1000.0,28.0,S
2021-06-23T14:13:29,1300.0,28.0,B
2021-06-23T14:13:18,1000.0,28.0,B
2021-06-23T14:13:11,200.0,28.0,S
2021-06-23T14:12:57,300.0,28.0,S
2021-06-23T14:12:50,500.0,28.0,S
2021-06-23T14:12:40,10000.0,27.9,S
2021-06-23T14:12:29,34000.0,28.0,B
2021-06-23T14:12:00,200.0,28.0,B
2021-06-23T14:11:31,2000.0,28.0,B
2021-06-23T14:10:53,300.0,28.0,B
2021-06-23T14:10:39,200.0,28.0,B
2021-06-23T14:09:31,3000.0,28.0,B
2021-06-23T14:07:56,100.0,27.9,B
2021-06-23T14:07:55,500.0,27.8,S
2021-06-23T14:07:50,1000.0,27.9,B
2021-06-23T14:07:34,100.0,27.9,B
2021-06-23T14:07:26,100.0,27.9,B
2021-06-23T14:07:25,3700.0,27.9,B
2021-06-23T14:06:04,300.0,28.0,B
2021-06-23T14:05:53,3000.0,27.9,S
2021-06-23T14:05:44,200.0,28.0,B
2021-06-23T14:05:25,5000.0,28.0,B
2021-06-23T14:05:15,1000.0,28.0,B
2021-06-23T14:04:14,100.0,28.0,B
2021-06-23T14:03:17,200.0,28.0,B
2021-06-23T14:02:52,5000.0,27.9,S
2021-06-23T14:02:43,10000.0,27.9,S
2021-06-23T14:02:24,1100.0,28.0,B
2021-06-23T14:02:11,2100.0,28.0,S
2021-06-23T14:01:59,1000.0,28.0,S
2021-06-23T14:01:51,1000.0,28.0,S
2021-06-23T14:01:44,3500.0,28.1,B
2021-06-23T14:01:44,1000.0,28.0,S
2021-06-23T14:01:21,20000.0,28.0,S
2021-06-23T14:01:15,2000.0,28.0,S
2021-06-23T14:01:05,100.0,28.1,B
2021-06-23T14:00:57,15000.0,28.0,S
2021-06-23T14:00:07,400.0,28.1,B
2021-06-23T13:59:52,200.0,28.1,B
2021-06-23T13:59:18,500.0,28.1,B
2021-06-23T13:58:59,200.0,28.1,B
2021-06-23T13:58:33,100.0,28.1,B
2021-06-23T13:58:22,700.0,28.0,S
2021-06-23T13:58:14,100.0,28.1,B
2021-06-23T13:58:10,200.0,28.0,S
2021-06-23T13:57:18,1000.0,28.1,S
2021-06-23T13:57:17,1000.0,28.1,S
2021-06-23T13:56:22,100.0,28.1,S
2021-06-23T13:56:11,1000.0,28.1,B
2021-06-23T13:56:06,500.0,28.1,B
2021-06-23T13:55:56,500.0,28.1,B
2021-06-23T13:55:54,200.0,28.1,B
2021-06-23T13:55:47,200.0,28.1,B
2021-06-23T13:55:44,3000.0,28.1,B
2021-06-23T13:55:38,2000.0,28.1,B
2021-06-23T13:55:33,2500.0,28.1,B
2021-06-23T13:55:26,400.0,28.1,B
2021-06-23T13:55:14,2000.0,28.1,B
2021-06-23T13:55:13,3300.0,28.1,B
2021-06-23T13:54:59,15000.0,28.2,B
2021-06-23T13:54:38,1000.0,28.2,B
2021-06-23T13:54:24,600.0,28.2,B
2021-06-23T13:54:08,1000.0,28.2,B
2021-06-23T13:54:02,500.0,28.2,B
2021-06-23T13:53:11,10000.0,28.2,B
2021-06-23T13:52:56,4600.0,28.0,S
2021-06-23T13:52:43,20000.0,28.2,B
2021-06-23T13:52:22,1000.0,28.1,B
2021-06-23T13:51:30,300.0,28.1,B
2021-06-23T13:50:25,5000.0,28.0,S
2021-06-23T13:49:59,400.0,28.1,B
2021-06-23T13:49:04,1000.0,28.0,S
2021-06-23T13:48:39,100.0,28.1,B
2021-06-23T13:48:35,200.0,28.1,B
2021-06-23T13:48:28,200.0,28.1,B
2021-06-23T13:48:18,100.0,28.1,B
2021-06-23T13:48:11,1000.0,28.1,B
2021-06-23T13:47:50,500.0,28.1,B
2021-06-23T13:47:35,4700.0,28.1,B
2021-06-23T13:47:11,3900.0,28.1,B
2021-06-23T13:47:09,2000.0,28.1,B
2021-06-23T13:47:05,2000.0,28.1,B
2021-06-23T13:46:37,1000.0,28.1,B
2021-06-23T13:46:22,1200.0,28.1,S
2021-06-23T13:46:10,9900.0,28.1,S
2021-06-23T13:44:39,100.0,28.1,S
2021-06-23T13:44:31,400.0,28.1,S
2021-06-23T13:44:18,1600.0,28.1,S
2021-06-23T13:44:12,2000.0,28.1,B
2021-06-23T13:44:10,2000.0,28.1,B
2021-06-23T13:44:09,1700.0,28.1,B
2021-06-23T13:44:09,200.0,28.1,B
2021-06-23T13:44:00,1000.0,28.1,B
2021-06-23T13:43:47,1000.0,28.1,B
2021-06-23T13:42:28,500.0,28.1,B
2021-06-23T13:42:21,100.0,28.1,B
2021-06-23T13:42:17,800.0,28.1,B
2021-06-23T13:42:15,2000.0,28.1,B
2021-06-23T13:42:12,100.0,28.1,B
2021-06-23T13:41:55,1000.0,28.1,B
2021-06-23T13:41:52,1000.0,28.1,B
2021-06-23T13:41:45,700.0,28.1,B
2021-06-23T13:41:15,300.0,28.1,B
2021-06-23T13:41:05,2000.0,28.1,B
2021-06-23T13:41:04,100.0,28.1,B
2021-06-23T13:40:28,9600.0,28.1,S
2021-06-23T13:40:13,3500.0,28.1,B
2021-06-23T13:40:03,300.0,28.1,B
2021-06-23T13:39:33,2000.0,28.1,B
2021-06-23T13:39:25,10000.0,28.1,B
2021-06-23T13:39:10,400.0,28.1,B
2021-06-23T13:38:52,400.0,28.1,B
2021-06-23T13:38:41,1000.0,28.1,B
2021-06-23T13:38:35,1000.0,28.1,B
2021-06-23T13:38:16,1300.0,28.1,B
2021-06-23T13:38:12,2700.0,28.1,B
2021-06-23T13:38:10,100.0,28.1,B
2021-06-23T13:38:08,200.0,28.1,B
2021-06-23T13:38:06,500.0,28.1,B
2021-06-23T13:37:50,200.0,28.1,B
2021-06-23T13:37:44,500.0,28.1,B
2021-06-23T13:37:39,10000.0,28.1,B
2021-06-23T13:37:31,3000.0,28.1,B
2021-06-23T13:36:46,3000.0,28.1,B
2021-06-23T13:36:45,500.0,28.1,B
2021-06-23T13:35:57,3600.0,28.1,B
2021-06-23T13:35:56,300.0,28.1,B
2021-06-23T13:35:40,400.0,28.0,S
2021-06-23T13:35:29,4000.0,28.0,B
2021-06-23T13:35:25,300.0,28.0,B
2021-06-23T13:35:24,300.0,28.0,B
2021-06-23T13:35:07,1000.0,28.0,B
2021-06-23T13:34:54,9100.0,28.0,B
2021-06-23T13:34:48,1100.0,28.0,S
2021-06-23T13:34:14,12700.0,28.0,B
2021-06-23T13:34:08,300.0,27.9,S
2021-06-23T13:33:56,300.0,28.0,B
2021-06-23T13:33:24,1000.0,27.9,S
2021-06-23T13:32:33,300.0,27.9,S
2021-06-23T13:32:18,2000.0,27.9,S
2021-06-23T13:32:12,100.0,28.0,B
2021-06-23T13:32:00,2000.0,28.0,B
2021-06-23T13:31:54,4000.0,28.0,B
2021-06-23T13:31:53,500.0,28.0,B
2021-06-23T13:31:09,400.0,28.0,B
2021-06-23T13:30:01,200.0,28.0,B
2021-06-23T13:29:22,100.0,28.0,B
2021-06-23T13:29:22,2000.0,28.0,B
2021-06-23T13:28:46,200.0,28.0,B
2021-06-23T13:28:33,100.0,28.0,B
2021-06-23T13:28:25,100.0,28.0,B
2021-06-23T13:28:11,1000.0,28.0,B
2021-06-23T13:27:38,500.0,28.0,B
2021-06-23T13:27:25,1600.0,27.9,B
2021-06-23T13:27:24,300.0,27.9,S
2021-06-23T13:26:52,3000.0,27.9,B
2021-06-23T13:26:46,400.0,27.9,B
2021-06-23T13:26:32,3000.0,27.9,B
2021-06-23T13:26:29,200.0,27.9,B
2021-06-23T13:26:17,100.0,27.9,B
2021-06-23T13:26:07,2000.0,27.8,S
2021-06-23T13:26:01,200.0,27.9,B
2021-06-23T13:25:53,3000.0,27.9,B
2021-06-23T13:25:46,100.0,27.8,S
2021-06-23T13:23:32,2300.0,27.8,S
2021-06-23T13:23:21,5000.0,27.8,S
2021-06-23T13:23:16,5000.0,27.8,S
2021-06-23T13:23:09,1000.0,27.9,B
2021-06-23T13:23:08,7100.0,27.8,S
2021-06-23T13:23:05,3000.0,27.9,B
2021-06-23T13:22:50,1000.0,27.9,B
2021-06-23T13:22:48,5000.0,27.8,S
2021-06-23T13:22:17,2900.0,27.9,B
2021-06-23T13:22:17,3000.0,27.9,S
2021-06-23T13:22:14,2000.0,27.9,S
2021-06-23T13:22:13,500.0,27.9,S
2021-06-23T13:22:11,1000.0,27.9,S
2021-06-23T13:22:07,2500.0,27.9,S
2021-06-23T13:22:05,100.0,27.9,S
2021-06-23T13:21:58,2000.0,27.9,S
2021-06-23T13:21:52,1000.0,27.9,S
2021-06-23T13:21:48,1000.0,27.9,S
2021-06-23T13:21:43,400.0,27.9,S
2021-06-23T13:21:26,1000.0,27.9,S
2021-06-23T13:21:00,200.0,28.0,B
2021-06-23T13:20:59,200.0,27.9,S
2021-06-23T13:20:26,200.0,28.0,B
2021-06-23T13:20:11,200.0,28.0,B
2021-06-23T13:20:02,2000.0,28.0,B
2021-06-23T13:19:57,200.0,28.0,B
2021-06-23T13:19:15,400.0,28.0,B
2021-06-23T13:19:13,4400.0,28.0,S
2021-06-23T13:19:10,200.0,28.0,S
2021-06-23T13:19:03,18000.0,28.0,S
2021-06-23T13:18:55,200.0,28.0,S
2021-06-23T13:18:54,700.0,28.0,S
2021-06-23T13:18:48,10000.0,28.0,S
2021-06-23T13:18:46,5000.0,28.0,S
2021-06-23T13:18:37,1300.0,28.1,B
2021-06-23T13:18:29,20000.0,28.0,S
2021-06-23T13:18:29,5000.0,28.1,S
2021-06-23T13:18:17,3000.0,28.1,S
2021-06-23T13:18:06,2000.0,28.1,S
2021-06-23T13:18:04,200.0,28.2,B
2021-06-23T13:18:01,300.0,28.2,B
2021-06-23T13:17:00,200.0,28.2,B
2021-06-23T13:16:20,100.0,28.2,B
2021-06-23T13:16:06,300.0,28.2,B
2021-06-23T13:16:05,1000.0,28.2,B
2021-06-23T13:15:59,2000.0,28.1,S
2021-06-23T13:15:47,300.0,28.2,B
2021-06-23T13:15:43,3000.0,28.2,B
2021-06-23T13:15:41,400.0,28.2,B
2021-06-23T13:15:33,100.0,28.2,B
2021-06-23T13:15:10,3200.0,28.2,B
2021-06-23T13:14:49,100.0,28.2,B
2021-06-23T13:14:09,2000.0,28.1,B
2021-06-23T13:13:59,500.0,28.1,B
2021-06-23T13:13:59,3000.0,28.1,S
2021-06-23T13:13:57,2000.0,28.1,S
2021-06-23T13:13:47,1000.0,28.1,S
2021-06-23T13:13:46,1000.0,28.1,S
2021-06-23T13:13:41,200.0,28.1,S
2021-06-23T13:13:39,100.0,28.2,B
2021-06-23T13:13:18,300.0,28.1,B
2021-06-23T13:13:15,4700.0,28.1,S
2021-06-23T13:13:08,2000.0,28.1,S
2021-06-23T13:12:48,500.0,28.2,B
2021-06-23T13:12:34,2000.0,28.2,B
2021-06-23T13:12:32,500.0,28.1,S
2021-06-23T13:12:27,1000.0,28.2,B
2021-06-23T13:12:17,200.0,28.2,B
2021-06-23T13:12:15,100.0,28.2,B
2021-06-23T13:11:35,400.0,28.2,B
2021-06-23T13:11:34,500.0,28.2,B
2021-06-23T13:11:26,200.0,28.2,B
2021-06-23T13:10:57,400.0,28.2,S
2021-06-23T13:10:55,4500.0,28.2,S
2021-06-23T13:10:39,1000.0,28.1,S
2021-06-23T13:10:35,1000.0,28.1,S
2021-06-23T13:10:32,100.0,28.2,B
2021-06-23T13:10:14,2300.0,28.1,S
2021-06-23T13:10:10,200.0,28.1,S
2021-06-23T13:10:07,1900.0,28.1,B
2021-06-23T13:10:03,1000.0,28.1,B
2021-06-23T13:09:29,3100.0,28.1,S
2021-06-23T13:09:27,900.0,28.2,B
2021-06-23T13:09:16,2000.0,28.2,B
2021-06-23T13:09:15,100.0,28.2,B
2021-06-23T13:09:09,1000.0,28.2,B
2021-06-23T13:09:05,4000.0,28.2,S
2021-06-23T13:08:57,2100.0,28.2,S
2021-06-23T13:08:16,1000.0,28.2,S
2021-06-23T13:08:14,2200.0,28.2,S
2021-06-23T13:08:10,100.0,28.3,B
2021-06-23T13:07:30,3000.0,28.3,B
2021-06-23T13:07:18,200.0,28.2,S
2021-06-23T13:06:48,300.0,28.3,B
2021-06-23T13:06:42,6300.0,28.2,S
2021-06-23T13:06:38,3000.0,28.3,B
2021-06-23T13:06:31,500.0,28.3,B
2021-06-23T13:06:27,500.0,28.3,B
2021-06-23T13:06:21,100.0,28.3,B
2021-06-23T13:05:41,500.0,28.3,B
2021-06-23T13:05:28,5800.0,28.3,B
2021-06-23T13:05:28,100.0,28.4,B
2021-06-23T13:05:20,2000.0,28.4,B
2021-06-23T13:05:19,600.0,28.4,B
2021-06-23T13:05:05,1000.0,28.3,S
2021-06-23T13:05:03,300.0,28.4,B
2021-06-23T13:05:00,4900.0,28.3,B
2021-06-23T13:04:52,400.0,28.3,B
2021-06-23T13:04:51,1400.0,28.3,B
2021-06-23T13:04:48,2000.0,28.3,B
2021-06-23T13:04:34,1000.0,28.3,B
2021-06-23T13:04:28,400.0,28.3,B
2021-06-23T13:04:25,2300.0,28.3,B
2021-06-23T13:04:14,2000.0,28.2,S
2021-06-23T13:04:07,200.0,28.2,S
2021-06-23T13:04:02,200.0,28.2,B
2021-06-23T13:03:54,100.0,28.2,B
2021-06-23T13:03:47,1000.0,28.1,B
2021-06-23T13:03:28,100.0,28.0,S
2021-06-23T13:03:27,2000.0,28.0,B
2021-06-23T13:03:26,5000.0,28.0,B
2021-06-23T13:03:26,100.0,28.0,B
2021-06-23T13:03:25,700.0,28.0,B
2021-06-23T13:03:19,200.0,28.0,B
2021-06-23T13:03:18,1000.0,28.0,B
2021-06-23T13:03:17,600.0,28.0,B
2021-06-23T13:03:13,100.0,28.0,B
2021-06-23T13:03:11,1000.0,28.0,B
2021-06-23T13:03:07,300.0,28.0,B
2021-06-23T13:03:06,200.0,28.0,B
2021-06-23T13:03:06,300.0,28.0,B
2021-06-23T13:03:04,2000.0,28.0,B
2021-06-23T13:03:03,1000.0,28.0,B
2021-06-23T13:03:02,1400.0,28.0,B
2021-06-23T13:02:58,300.0,28.0,B
2021-06-23T13:02:56,4200.0,28.0,B
2021-06-23T13:02:54,100.0,28.0,B
2021-06-23T13:02:50,100.0,28.0,B
2021-06-23T13:02:38,500.0,28.0,B
2021-06-23T13:02:37,100.0,28.0,B
2021-06-23T13:02:27,2000.0,28.0,B
2021-06-23T13:02:08,2000.0,27.9,B
2021-06-23T13:02:06,200.0,27.9,B
2021-06-23T13:02:06,4000.0,27.9,B
2021-06-23T13:02:04,1500.0,27.9,B
2021-06-23T13:02:03,4000.0,27.9,B
2021-06-23T13:01:54,100.0,27.9,B
2021-06-23T13:01:53,300.0,27.9,B
2021-06-23T13:01:50,2000.0,27.9,B
2021-06-23T13:01:47,100.0,27.9,B
2021-06-23T13:01:43,1000.0,27.9,B
2021-06-23T13:01:39,1000.0,27.9,B
2021-06-23T13:01:38,3000.0,27.9,B
2021-06-23T13:01:36,1500.0,27.9,B
2021-06-23T13:01:33,200.0,27.9,B
2021-06-23T13:01:26,200.0,27.9,B
2021-06-23T13:01:23,1000.0,27.9,B
2021-06-23T13:01:16,2000.0,27.9,B
2021-06-23T13:01:16,5000.0,27.9,B
2021-06-23T13:01:10,100.0,27.9,B
2021-06-23T13:01:08,10000.0,27.9,B
2021-06-23T13:01:08,1200.0,27.9,B
2021-06-23T13:01:06,3000.0,27.9,B
2021-06-23T13:01:04,3000.0,27.9,B
2021-06-23T13:01:02,2000.0,27.9,B
2021-06-23T13:01:01,300.0,27.9,B
2021-06-23T13:00:40,500.0,27.9,B
2021-06-23T13:00:22,300.0,27.8,S
2021-06-23T13:00:14,800.0,27.8,S
2021-06-23T13:00:14,4300.0,27.8,S
2021-06-23T13:00:10,2700.0,27.9,B
2021-06-23T13:00:06,1000.0,27.8,S
2021-06-23T13:00:03,300.0,27.8,S
2021-06-23T13:00:03,5300.0,27.7,S
2021-06-23T13:00:03,1100.0,27.8,B
2021-06-23T13:00:02,6000.0,27.8,B
2021-06-23T13:00:02,4100.0,27.8,B
2021-06-23T11:29:57,200.0,27.8,B
2021-06-23T11:29:40,500.0,27.7,S
2021-06-23T11:29:38,1000.0,27.7,S
2021-06-23T11:29:36,2000.0,27.7,S
2021-06-23T11:29:10,100.0,27.8,B
2021-06-23T11:29:01,200.0,27.7,S
2021-06-23T11:28:43,200.0,27.8,B
2021-06-23T11:28:19,3000.0,27.8,B
2021-06-23T11:28:15,400.0,27.8,B
2021-06-23T11:28:08,1000.0,27.8,B
2021-06-23T11:27:34,500.0,27.8,B
2021-06-23T11:26:50,800.0,27.8,B
2021-06-23T11:26:45,500.0,27.8,B
2021-06-23T11:26:39,500.0,27.8,B
2021-06-23T11:26:32,1100.0,27.7,S
2021-06-23T11:26:23,500.0,27.8,B
2021-06-23T11:26:20,2000.0,27.7,S
2021-06-23T11:26:06,100.0,27.7,S
2021-06-23T11:25:55,2000.0,27.7,S
2021-06-23T11:25:50,800.0,27.7,S
2021-06-23T11:25:35,4400.0,27.7,B
2021-06-23T11:25:34,2000.0,27.7,B
2021-06-23T11:25:18,200.0,27.7,B
2021-06-23T11:25:07,100.0,27.7,B
2021-06-23T11:24:54,100.0,27.7,B
2021-06-23T11:24:47,500.0,27.7,B
2021-06-23T11:24:46,200.0,27.7,B
2021-06-23T11:24:37,2000.0,27.7,B
2021-06-23T11:24:23,1000.0,27.7,B
2021-06-23T11:23:44,200.0,27.7,B
2021-06-23T11:23:41,200.0,27.7,B
2021-06-23T11:23:18,1000.0,27.7,B
2021-06-23T11:23:18,2100.0,27.6,S
2021-06-23T11:23:11,300.0,27.6,S
2021-06-23T11:22:58,3000.0,27.6,S
2021-06-23T11:22:49,200.0,27.6,S
2021-06-23T11:22:40,15000.0,27.6,S
2021-06-23T11:22:34,300.0,27.7,B
2021-06-23T11:22:29,500.0,27.7,B
2021-06-23T11:22:25,100.0,27.7,B
2021-06-23T11:22:25,500.0,27.7,B
2021-06-23T11:22:04,100.0,27.7,B
2021-06-23T11:22:03,6900.0,27.7,B
2021-06-23T11:22:03,100.0,27.7,B
2021-06-23T11:22:01,1000.0,27.7,B
2021-06-23T11:21:53,500.0,27.7,B
2021-06-23T11:21:51,500.0,27.7,B
2021-06-23T11:21:48,4800.0,27.7,S
2021-06-23T11:21:47,600.0,27.7,S
2021-06-23T11:21:47,500.0,27.7,S
2021-06-23T11:21:36,500.0,27.7,S
2021-06-23T11:21:32,10000.0,27.7,S
2021-06-23T11:21:31,1000.0,27.9,B
2021-06-23T11:21:04,4000.0,27.8,S
2021-06-23T11:20:55,5000.0,27.9,B
2021-06-23T11:20:53,4000.0,27.8,S
2021-06-23T11:20:51,100.0,27.9,B
2021-06-23T11:20:49,200.0,27.8,S
2021-06-23T11:20:40,300.0,27.9,B
2021-06-23T11:20:36,500.0,27.9,B
2021-06-23T11:20:35,500.0,27.9,B
2021-06-23T11:20:30,500.0,27.8,S
2021-06-23T11:20:23,500.0,27.9,B
2021-06-23T11:20:09,1300.0,27.9,B
2021-06-23T11:20:04,500.0,28.0,B
2021-06-23T11:19:59,1700.0,27.9,B
2021-06-23T11:19:42,3300.0,27.9,B
2021-06-23T11:19:37,2100.0,27.9,S
2021-06-23T11:19:22,1000.0,27.9,S
2021-06-23T11:19:19,1000.0,28.0,B
2021-06-23T11:19:06,500.0,28.0,B
2021-06-23T11:19:04,200.0,27.9,S
2021-06-23T11:18:55,500.0,27.9,S
2021-06-23T11:18:48,1000.0,27.9,B
2021-06-23T11:18:40,1000.0,27.9,B
2021-06-23T11:18:39,1200.0,27.9,B
2021-06-23T11:18:37,100.0,27.9,B
2021-06-23T11:18:32,200.0,27.8,S
2021-06-23T11:18:29,100.0,27.9,B
2021-06-23T11:18:03,4000.0,27.8,S
2021-06-23T11:18:01,2200.0,27.8,S
2021-06-23T11:18:00,500.0,27.8,S
2021-06-23T11:17:59,2400.0,27.9,B
2021-06-23T11:17:56,300.0,27.8,S
2021-06-23T11:17:28,400.0,27.8,S
2021-06-23T11:16:55,1300.0,27.8,S
2021-06-23T11:16:45,1700.0,27.7,S
2021-06-23T11:16:15,1200.0,27.7,S
2021-06-23T11:16:08,700.0,27.7,S
2021-06-23T11:15:51,1800.0,27.6,S
2021-06-23T11:15:49,5000.0,27.9,B
2021-06-23T11:15:45,300.0,27.7,S
2021-06-23T11:15:26,1000.0,27.7,B
2021-06-23T11:15:25,200.0,27.7,B
2021-06-23T11:15:14,500.0,27.6,S
2021-06-23T11:15:14,10000.0,27.6,S
2021-06-23T11:15:10,200.0,27.7,S
2021-06-23T11:15:05,500.0,27.7,S
2021-06-23T11:15:05,300.0,27.7,S
2021-06-23T11:15:00,2200.0,27.7,S
2021-06-23T11:14:58,1000.0,27.7,S
2021-06-23T11:14:52,300.0,27.7,S
2021-06-23T11:14:48,100.0,27.7,S
2021-06-23T11:14:35,2000.0,27.6,S
2021-06-23T11:14:31,1700.0,27.7,S
2021-06-23T11:14:17,1000.0,27.6,S
2021-06-23T11:14:14,100.0,27.7,S
2021-06-23T11:13:38,2000.0,27.6,S
2021-06-23T11:13:21,1000.0,27.6,S
2021-06-23T11:13:07,400.0,27.6,S
2021-06-23T11:12:56,100.0,27.5,S
2021-06-23T11:12:50,5000.0,28.0,B
2021-06-23T11:12:40,2000.0,27.5,S
2021-06-23T11:12:37,3100.0,27.5,S
2021-06-23T11:12:26,6200.0,27.5,S
2021-06-23T11:12:16,1300.0,27.5,B
2021-06-23T11:12:14,700.0,27.4,S
2021-06-23T11:12:13,800.0,27.5,B
2021-06-23T11:12:11,200.0,27.5,B
2021-06-23T11:12:11,200.0,27.5,B
2021-06-23T11:12:10,1000.0,27.3,S
2021-06-23T11:12:10,200.0,27.5,B
2021-06-23T11:12:08,10000.0,27.3,S
2021-06-23T11:12:08,1500.0,27.5,B
2021-06-23T11:12:08,2000.0,27.5,B
2021-06-23T11:12:07,1000.0,27.5,B
2021-06-23T11:12:03,1600.0,27.3,S
2021-06-23T11:11:52,8800.0,27.5,B
2021-06-23T11:11:51,200.0,27.2,S
2021-06-23T11:11:46,700.0,27.2,S
2021-06-23T11:11:43,4300.0,27.2,S
2021-06-23T11:11:38,2400.0,27.2,B
2021-06-23T11:11:36,1000.0,27.2,B
2021-06-23T11:11:35,2000.0,27.2,B
2021-06-23T11:11:34,2000.0,27.2,B
2021-06-23T11:11:29,100.0,27.2,B
2021-06-23T11:11:26,500.0,27.2,B
2021-06-23T11:11:25,5200.0,27.2,B
2021-06-23T11:11:20,5000.0,27.5,B
2021-06-23T11:11:16,10000.0,27.1,S
2021-06-23T11:11:03,2000.0,27.0,S
2021-06-23T11:11:00,300.0,27.5,B
2021-06-23T11:10:51,10000.0,27.5,B
2021-06-23T11:10:50,500.0,27.5,B
2021-06-23T11:10:47,100.0,27.5,B
2021-06-23T11:10:43,2000.0,27.0,S
2021-06-23T11:10:39,1000.0,27.5,B
2021-06-23T11:10:34,100.0,27.5,B
2021-06-23T11:10:33,1000.0,27.4,S
2021-06-23T11:10:31,100.0,27.5,B
2021-06-23T11:10:30,100.0,27.5,B
2021-06-23T11:10:29,77400.0,27.5,S
2021-06-23T11:10:27,2000.0,28.0,B
2021-06-23T11:10:24,100.0,27.9,S
2021-06-23T11:10:19,500.0,28.0,B
2021-06-23T11:10:13,500.0,27.9,S
2021-06-23T11:10:08,2000.0,28.0,B
2021-06-23T11:10:04,400.0,27.9,S
2021-06-23T11:09:52,500.0,28.0,B
2021-06-23T11:09:52,500.0,28.0,B
2021-06-23T11:09:46,400.0,27.9,S
2021-06-23T11:09:43,6700.0,28.0,S
2021-06-23T11:09:41,2000.0,28.1,S
2021-06-23T11:09:37,2000.0,28.1,B
2021-06-23T11:09:34,100.0,28.1,B
2021-06-23T11:09:20,1000.0,28.1,B
2021-06-23T11:09:18,1300.0,28.0,S
2021-06-23T11:09:05,9000.0,28.1,S
2021-06-23T11:09:04,100.0,28.1,S
2021-06-23T11:08:55,500.0,28.1,S
2021-06-23T11:08:46,700.0,28.1,S
2021-06-23T11:08:45,1300.0,28.1,S
2021-06-23T11:08:32,1000.0,28.1,S
2021-06-23T11:08:21,100.0,28.1,S
2021-06-23T11:08:00,2000.0,27.8,S
2021-06-23T11:07:55,300.0,28.4,B
2021-06-23T11:07:53,700.0,28.0,B
2021-06-23T11:07:47,2000.0,28.0,B
2021-06-23T11:07:46,5000.0,27.8,S
2021-06-23T11:07:45,200.0,28.0,B
2021-06-23T11:07:42,100.0,28.1,S
2021-06-23T11:07:39,1000.0,28.1,B
2021-06-23T11:07:36,5000.0,27.9,S
2021-06-23T11:07:35,13600.0,27.9,S
2021-06-23T11:07:35,20000.0,28.0,S
2021-06-23T11:07:31,3000.0,28.1,B
2021-06-23T11:07:28,100.0,28.1,B
2021-06-23T11:07:24,100.0,28.1,B
2021-06-23T11:07:22,100.0,28.1,B
2021-06-23T11:07:15,100.0,28.1,B
2021-06-23T11:07:14,1000.0,28.1,B
2021-06-23T11:07:11,120600.0,28.1,B
2021-06-23T11:07:06,100.0,28.4,S
2021-06-23T11:06:31,500.0,28.4,S
2021-06-23T11:06:30,100.0,28.5,B
2021-06-23T11:06:29,200.0,28.4,S
2021-06-23T11:06:16,1000.0,28.5,B
2021-06-23T11:05:34,800.0,28.5,B
2021-06-23T11:05:06,500.0,28.5,S
2021-06-23T11:04:50,3000.0,28.5,S
2021-06-23T11:04:29,1000.0,28.5,S
2021-06-23T11:04:02,1900.0,28.5,B
2021-06-23T11:03:58,1100.0,28.5,B
2021-06-23T11:03:49,2900.0,28.5,B
2021-06-23T11:03:47,1100.0,28.4,S
2021-06-23T11:03:29,100.0,28.5,B
2021-06-23T11:03:02,5000.0,28.5,B
2021-06-23T11:02:53,10000.0,28.4,S
2021-06-23T11:02:47,1000.0,28.5,B
2021-06-23T11:02:42,5000.0,28.5,B
2021-06-23T11:02:29,100.0,28.5,B
2021-06-23T11:01:42,1000.0,28.5,B
2021-06-23T11:01:34,700.0,28.5,B
2021-06-23T11:01:09,3700.0,28.5,B
2021-06-23T11:00:58,500.0,28.5,B
2021-06-23T11:00:49,2200.0,28.5,B
2021-06-23T11:00:26,2000.0,28.5,B
2021-06-23T11:00:24,1000.0,28.4,S
2021-06-23T10:59:57,200.0,28.4,S
2021-06-23T10:59:52,500.0,28.5,B
2021-06-23T10:59:15,300.0,28.4,S
2021-06-23T10:58:42,1000.0,28.5,B
2021-06-23T10:58:29,100.0,28.5,B
2021-06-23T10:58:26,2500.0,28.5,B
2021-06-23T10:57:39,100.0,28.5,B
2021-06-23T10:57:06,100.0,28.5,B
2021-06-23T10:56:41,100.0,28.5,B
2021-06-23T10:56:40,100.0,28.4,S
2021-06-23T10:56:39,500.0,28.5,B
2021-06-23T10:56:37,100.0,28.5,B
2021-06-23T10:56:13,200.0,28.5,B
2021-06-23T10:56:10,7600.0,28.5,B
2021-06-23T10:56:08,30000.0,28.5,S
2021-06-23T10:55:44,7000.0,28.5,S
2021-06-23T10:54:31,2000.0,28.5,S
2021-06-23T10:54:27,100.0,28.6,B
2021-06-23T10:54:24,1000.0,28.5,S
2021-06-23T10:54:04,2000.0,28.5,S
2021-06-23T10:53:20,400.0,28.5,S
2021-06-23T10:52:11,8600.0,28.6,S
2021-06-23T10:52:01,1000.0,28.6,S
2021-06-23T10:51:55,1500.0,28.6,S
2021-06-23T10:51:46,5000.0,28.6,S
2021-06-23T10:51:29,100.0,28.6,S
2021-06-23T10:51:16,2000.0,28.6,S
2021-06-23T10:51:06,4900.0,28.6,S
2021-06-23T10:50:49,200.0,28.6,S
2021-06-23T10:50:35,7000.0,28.6,S
2021-06-23T10:50:24,200.0,28.6,S
2021-06-23T10:50:14,2000.0,28.6,S
2021-06-23T10:50:01,8600.0,28.6,S
2021-06-23T10:49:59,200.0,28.7,B
2021-06-23T10:49:59,500.0,28.6,S
2021-06-23T10:49:51,200.0,28.7,B
2021-06-23T10:49:31,100.0,28.6,S
2021-06-23T10:49:29,1000.0,28.6,S
2021-06-23T10:48:10,100.0,28.6,S
2021-06-23T10:47:56,500.0,28.6,S
2021-06-23T10:47:47,200.0,28.6,S
2021-06-23T10:47:14,200.0,28.6,S
2021-06-23T10:46:56,1000.0,28.7,B
2021-06-23T10:46:49,2500.0,28.6,S
2021-06-23T10:46:46,800.0,28.6,S
2021-06-23T10:45:31,200.0,28.6,S
2021-06-23T10:45:23,800.0,28.6,S
2021-06-23T10:45:10,100.0,28.6,S
2021-06-23T10:44:11,1000.0,28.7,B
2021-06-23T10:43:37,400.0,28.6,S
2021-06-23T10:42:58,100.0,28.7,B
2021-06-23T10:42:36,300.0,28.6,S
2021-06-23T10:42:34,200.0,28.6,S
2021-06-23T10:42:33,100.0,28.7,B
2021-06-23T10:42:32,1500.0,28.7,B
2021-06-23T10:42:14,2000.0,28.6,S
2021-06-23T10:42:10,100.0,28.7,B
2021-06-23T10:42:10,500.0,28.7,B
2021-06-23T10:42:03,2000.0,28.7,B
2021-06-23T10:40:32,100.0,28.7,B
2021-06-23T10:40:29,400.0,28.6,S
2021-06-23T10:40:21,2500.0,28.7,B
2021-06-23T10:40:00,2500.0,28.7,B
2021-06-23T10:39:34,700.0,28.7,B
2021-06-23T10:39:28,3800.0,28.7,B
2021-06-23T10:39:25,300.0,28.6,S
2021-06-23T10:39:12,2000.0,28.7,B
2021-06-23T10:38:24,500.0,28.7,B
2021-06-23T10:36:08,100.0,28.7,B
2021-06-23T10:36:01,1000.0,28.6,S
2021-06-23T10:36:00,2400.0,28.6,S
2021-06-23T10:35:35,3000.0,28.6,S
2021-06-23T10:35:11,100.0,28.7,B
2021-06-23T10:35:00,1000.0,28.6,S
2021-06-23T10:34:07,500.0,28.6,S
2021-06-23T10:33:51,500.0,28.6,S
2021-06-23T10:32:54,200.0,28.6,S
2021-06-23T10:32:05,100.0,28.7,B
2021-06-23T10:31:38,1100.0,28.6,S
2021-06-23T10:31:00,5000.0,28.6,S
2021-06-23T10:30:59,1000.0,28.6,S
2021-06-23T10:30:48,100.0,28.6,S
2021-06-23T10:30:39,700.0,28.6,S
2021-06-23T10:29:21,10000.0,28.6,S
2021-06-23T10:29:10,100.0,28.7,B
2021-06-23T10:28:18,100.0,28.6,S
2021-06-23T10:28:07,5000.0,28.6,S
2021-06-23T10:27:42,10000.0,28.6,S
2021-06-23T10:27:40,200.0,28.8,B
2021-06-23T10:27:25,10000.0,28.6,S
2021-06-23T10:26:57,2000.0,28.8,B
2021-06-23T10:25:45,1000.0,28.8,B
2021-06-23T10:25:25,11000.0,28.6,S
2021-06-23T10:25:17,100.0,28.8,B
2021-06-23T10:25:13,9000.0,28.7,S
2021-06-23T10:24:21,200.0,28.8,B
2021-06-23T10:23:58,100.0,28.7,S
2021-06-23T10:23:53,9000.0,28.6,S
2021-06-23T10:23:47,100.0,28.7,S
2021-06-23T10:23:00,400.0,28.7,S
2021-06-23T10:22:38,2000.0,28.7,B
2021-06-23T10:22:27,200.0,28.7,B
2021-06-23T10:21:43,7000.0,28.6,S
2021-06-23T10:21:34,2000.0,28.7,B
2021-06-23T10:20:54,1500.0,28.7,B
2021-06-23T10:20:15,200.0,28.7,B
2021-06-23T10:19:53,100.0,28.7,B
2021-06-23T10:19:50,1700.0,28.7,B
2021-06-23T10:19:08,2000.0,28.6,S
2021-06-23T10:19:05,500.0,28.7,B
2021-06-23T10:18:58,1400.0,28.7,S
2021-06-23T10:18:52,100.0,28.7,S
2021-06-23T10:18:46,1000.0,28.7,B
2021-06-23T10:18:44,300.0,28.7,B
2021-06-23T10:18:38,2000.0,28.7,B
2021-06-23T10:18:29,500.0,28.7,B
2021-06-23T10:18:27,500.0,28.7,B
2021-06-23T10:17:54,200.0,28.7,B
2021-06-23T10:17:30,1500.0,28.7,B
2021-06-23T10:17:15,100.0,28.7,B
2021-06-23T10:17:11,2000.0,28.7,B
2021-06-23T10:15:56,2000.0,28.6,S
2021-06-23T10:15:53,2000.0,28.7,B
2021-06-23T10:15:27,5200.0,28.6,S
2021-06-23T10:15:18,100.0,28.7,B
2021-06-23T10:15:15,700.0,28.7,B
2021-06-23T10:15:05,200.0,28.7,B
2021-06-23T10:14:52,1200.0,28.7,S
2021-06-23T10:14:11,500.0,28.7,S
2021-06-23T10:14:11,100.0,28.7,S
2021-06-23T10:14:01,1000.0,28.7,S
2021-06-23T10:13:43,300.0,28.7,B
2021-06-23T10:13:37,100.0,28.7,B
2021-06-23T10:13:30,2400.0,28.7,S
2021-06-23T10:13:00,500.0,28.7,S
2021-06-23T10:12:42,100.0,28.7,S
2021-06-23T10:11:43,300.0,28.7,S
2021-06-23T10:11:19,100.0,28.7,B
2021-06-23T10:10:59,1500.0,28.6,S
2021-06-23T10:10:44,200.0,28.6,S
2021-06-23T10:09:30,800.0,28.6,S
2021-06-23T10:09:15,100.0,28.6,S
2021-06-23T10:09:10,700.0,28.6,S
2021-06-23T10:08:25,1000.0,28.6,S
2021-06-23T10:08:22,36400.0,28.6,S
2021-06-23T10:07:40,200.0,28.6,S
2021-06-23T10:07:24,5000.0,28.6,S
2021-06-23T10:05:42,400.0,28.6,S
2021-06-23T10:05:26,4900.0,28.6,S
2021-06-23T10:05:15,1000.0,28.7,S
2021-06-23T10:05:01,20000.0,28.7,S
2021-06-23T10:04:58,5100.0,28.7,S
2021-06-23T10:04:03,100.0,28.8,B
2021-06-23T10:03:21,500.0,28.8,B
2021-06-23T10:03:16,400.0,28.8,B
2021-06-23T10:03:13,500.0,28.7,S
2021-06-23T10:01:56,100.0,28.8,B
2021-06-23T10:00:44,200.0,28.8,B
2021-06-23T10:00:19,1200.0,28.8,B
2021-06-23T10:00:15,5000.0,28.8,B
2021-06-23T10:00:14,100.0,28.8,B
2021-06-23T09:59:55,1000.0,28.8,B
2021-06-23T09:59:48,500.0,28.8,B
2021-06-23T09:58:24,800.0,28.8,B
2021-06-23T09:58:15,1000.0,28.8,B
2021-06-23T09:57:55,100.0,28.8,B
2021-06-23T09:57:09,1000.0,28.8,B
2021-06-23T09:57:08,1000.0,28.7,S
2021-06-23T09:55:54,5000.0,28.7,S
2021-06-23T09:55:39,100.0,28.8,B
2021-06-23T09:54:59,300.0,28.8,B
2021-06-23T09:54:06,100.0,28.8,B
2021-06-23T09:54:03,700.0,28.8,S
2021-06-23T09:52:59,600.0,28.8,S
2021-06-23T09:51:46,800.0,28.8,B
2021-06-23T09:51:31,200.0,28.8,S
2021-06-23T09:50:58,100.0,28.8,S
2021-06-23T09:50:41,300.0,28.8,B
2021-06-23T09:50:31,1000.0,28.8,B
2021-06-23T09:50:07,200.0,28.8,B
2021-06-23T09:49:41,100.0,28.8,B
2021-06-23T09:48:58,100.0,28.8,B
2021-06-23T09:48:43,500.0,28.7,S
2021-06-23T09:48:38,1000.0,28.8,S
2021-06-23T09:48:36,200.0,28.8,S
2021-06-23T09:48:32,200.0,28.8,S
2021-06-23T09:48:30,2400.0,28.8,S
2021-06-23T09:48:02,3000.0,28.7,S
2021-06-23T09:47:14,1000.0,28.8,B
2021-06-23T09:46:19,600.0,28.8,B
2021-06-23T09:45:52,1900.0,28.8,B
2021-06-23T09:44:54,2100.0,28.8,B
2021-06-23T09:44:16,200.0,28.8,S
2021-06-23T09:44:13,3600.0,28.8,S
2021-06-23T09:43:59,800.0,28.8,S
2021-06-23T09:43:55,5000.0,28.8,S
2021-06-23T09:42:37,1200.0,28.8,B
2021-06-23T09:41:50,300.0,28.8,B
2021-06-23T09:41:19,600.0,28.8,B
2021-06-23T09:41:18,900.0,28.8,S
2021-06-23T09:40:55,1000.0,28.8,B
2021-06-23T09:40:49,1000.0,28.7,S
2021-06-23T09:40:35,6000.0,28.7,S
2021-06-23T09:40:33,500.0,28.7,S
2021-06-23T09:40:27,5000.0,28.7,S
2021-06-23T09:39:43,1000.0,28.8,S
2021-06-23T09:39:35,300.0,28.8,S
2021-06-23T09:39:03,700.0,28.8,S
2021-06-23T09:38:18,3000.0,28.8,S
2021-06-23T09:37:42,300.0,28.8,B
2021-06-23T09:37:24,4800.0,28.8,S
2021-06-23T09:37:17,500.0,28.8,S
2021-06-23T09:37:17,500.0,28.8,S
2021-06-23T09:36:53,200.0,28.8,S
2021-06-23T09:35:30,200.0,28.9,B
2021-06-23T09:35:28,500.0,28.9,B
2021-06-23T09:35:27,1400.0,28.9,S
2021-06-23T09:35:20,200.0,28.9,S
2021-06-23T09:35:19,100.0,28.9,S
2021-06-23T09:34:36,1100.0,28.9,S
2021-06-23T09:34:19,6600.0,28.9,S
2021-06-23T09:32:23,300.0,28.9,B
2021-06-23T09:31:43,3800.0,28.7,S
2021-06-23T09:31:38,1600.0,28.8,B
2021-06-23T09:30:59,2000.0,28.7,S
2021-06-23T09:30:47,300.0,28.7,S
2021-06-23T09:30:34,1300.0,28.7,S
2021-06-23T09:30:21,5300.0,28.7,S
2021-06-23T09:30:20,3000.0,28.7,S
2021-06-23T09:29:20,1000.0,28.7,S
2021-06-23T09:29:12,300.0,28.8,S
2021-06-23T09:29:08,500.0,28.8,S
2021-06-23T09:28:57,300.0,28.8,S
2021-06-23T09:28:47,100.0,28.8,S
2021-06-23T09:28:39,1100.0,28.8,S
2021-06-23T09:28:22,500.0,28.8,S
2021-06-23T09:27:53,1000.0,28.8,S
2021-06-23T09:26:50,1000.0,28.8,S
2021-06-23T09:26:32,400.0,28.8,S
2021-06-23T09:26:28,5000.0,28.9,B
2021-06-23T09:26:26,200.0,28.9,B
2021-06-23T09:26:11,600.0,28.9,B
2021-06-23T09:25:47,400.0,28.9,B
2021-06-23T09:25:14,100.0,28.9,B
2021-06-23T09:25:10,17600.0,28.9,B
2021-06-23T09:24:15,3000.0,28.9,B
2021-06-23T09:23:30,100.0,28.9,B
2021-06-23T09:23:23,24900.0,28.9,S
2021-06-23T09:23:05,100.0,28.9,S
2021-06-23T09:20:10,400.0,28.9,B
2021-06-23T09:20:07,600.0,28.9,S
2021-06-23T09:19:47,1400.0,28.9,B
2021-06-23T09:19:42,1000.0,28.9,B
2021-06-23T09:19:24,100.0,28.9,S
2021-06-23T09:19:20,500.0,28.9,S
2021-06-23T09:19:11,1000.0,28.9,S
2021-06-23T09:18:12,400.0,28.9,S
2021-06-23T09:17:20,2700.0,28.9,B
2021-06-23T09:17:12,300.0,28.9,B
2021-06-23T09:17:12,300.0,28.9,B
2021-06-23T09:16:56,100.0,28.9,B
2021-06-23T09:16:24,200.0,28.9,B
2021-06-23T09:14:51,200.0,28.9,B
2021-06-23T09:14:20,100.0,28.9,B
2021-06-23T09:13:35,200.0,28.9,B
2021-06-23T09:13:32,100.0,28.9,B
2021-06-23T09:12:02,500.0,28.9,B
2021-06-23T09:11:58,200.0,28.9,B
2021-06-23T09:11:16,100.0,28.9,B
2021-06-23T09:10:51,200.0,28.9,B
2021-06-23T09:10:22,8600.0,28.9,S
2021-06-23T09:08:32,5000.0,28.9,S
2021-06-23T09:08:21,1000.0,29.0,B
2021-06-23T09:08:14,200.0,29.0,B
2021-06-23T09:08:12,1000.0,29.0,B
2021-06-23T09:08:05,100.0,29.0,B
2021-06-23T09:07:54,200.0,29.0,B
2021-06-23T09:07:50,1000.0,29.0,S
2021-06-23T09:07:33,100.0,29.0,S
2021-06-23T09:06:50,600.0,29.0,B
2021-06-23T09:06:44,1000.0,29.0,B
2021-06-23T09:06:34,1000.0,29.0,B
2021-06-23T09:06:28,2000.0,29.0,B
2021-06-23T09:06:12,100.0,29.0,B
2021-06-23T09:06:01,100.0,29.0,B
2021-06-23T09:05:59,300.0,29.0,B
2021-06-23T09:05:38,400.0,29.0,S
2021-06-23T09:05:37,500.0,29.0,S
2021-06-23T09:05:32,100.0,29.0,S
2021-06-23T09:05:21,4000.0,29.0,B
2021-06-23T09:04:27,100.0,29.0,B
2021-06-23T09:04:25,1000.0,29.0,B
2021-06-23T09:03:45,100.0,29.0,B
2021-06-23T09:03:43,300.0,28.9,S
2021-06-23T09:03:37,100.0,29.0,B
2021-06-23T09:03:17,200.0,29.0,B
2021-06-23T09:03:05,500.0,29.0,B
2021-06-23T09:03:02,500.0,29.0,S
2021-06-23T09:02:53,400.0,29.0,S
2021-06-23T09:02:48,500.0,29.0,S
2021-06-23T09:02:39,500.0,29.0,S
2021-06-23T09:01:57,2000.0,29.2,B
2021-06-23T09:01:30,500.0,29.0,S
2021-06-23T09:00:58,100.0,29.0,S
2021-06-23T09:00:54,300.0,29.2,B
2021-06-23T09:00:24,200.0,29.0,S
2021-06-23T09:00:10,100.0,28.9,B
