tradingTime,volume,price,side
2021-06-23T14:19:09,300.0,10.1,S
2021-06-23T14:15:57,500.0,10.15,B
2021-06-23T14:12:42,1000.0,10.15,B
2021-06-23T14:11:58,100.0,10.15,B
2021-06-23T14:11:13,1500.0,10.1,B
2021-06-23T14:10:42,2500.0,10.1,S
2021-06-23T14:10:10,2200.0,10.1,S
2021-06-23T14:09:21,500.0,10.1,S
2021-06-23T14:07:55,900.0,10.1,S
2021-06-23T13:58:02,300.0,10.15,B
2021-06-23T13:57:03,2000.0,10.15,B
2021-06-23T13:56:02,1000.0,10.1,S
2021-06-23T13:50:30,100.0,10.1,B
2021-06-23T13:50:00,300.0,10.1,S
2021-06-23T13:49:04,100.0,10.1,B
2021-06-23T13:48:54,10000.0,10.1,B
2021-06-23T13:40:17,1400.0,10.1,B
2021-06-23T13:38:14,500.0,10.05,S
2021-06-23T13:37:44,500.0,10.05,B
2021-06-23T13:37:44,300.0,10.05,B
2021-06-23T13:37:44,2400.0,10.05,B
2021-06-23T13:37:44,3000.0,10.05,B
2021-06-23T13:36:02,2000.0,10.05,B
2021-06-23T13:33:42,100.0,10.0,B
2021-06-23T13:33:01,1000.0,9.98,S
2021-06-23T13:30:38,300.0,10.0,B
2021-06-23T13:29:47,2000.0,10.0,S
2021-06-23T13:29:40,700.0,10.0,S
2021-06-23T13:29:32,300.0,10.0,S
2021-06-23T13:29:29,2000.0,10.0,S
2021-06-23T13:28:13,200.0,10.0,B
2021-06-23T13:27:47,700.0,10.0,S
2021-06-23T13:27:25,200.0,10.0,B
2021-06-23T13:26:12,100.0,10.0,S
2021-06-23T13:25:55,200.0,10.0,S
2021-06-23T13:22:04,3000.0,10.0,S
2021-06-23T13:21:06,2000.0,10.0,B
2021-06-23T13:20:33,100.0,10.0,B
2021-06-23T13:19:44,4900.0,10.0,S
2021-06-23T13:18:01,4900.0,10.0,B
2021-06-23T13:18:01,10100.0,10.0,B
2021-06-23T13:18:01,1100.0,10.0,B
2021-06-23T13:17:29,400.0,9.99,S
2021-06-23T13:16:22,900.0,10.0,B
2021-06-23T13:16:00,2000.0,10.0,B
2021-06-23T13:13:03,500.0,10.0,B
2021-06-23T13:12:44,300.0,10.0,B
2021-06-23T13:11:43,2800.0,10.0,B
2021-06-23T13:11:24,5400.0,10.0,S
2021-06-23T13:10:46,5000.0,10.0,S
2021-06-23T13:10:08,1000.0,10.0,S
2021-06-23T13:09:47,6000.0,10.0,S
2021-06-23T13:09:41,41500.0,10.0,B
2021-06-23T13:09:31,100.0,10.0,B
2021-06-23T13:09:29,700.0,10.0,B
2021-06-23T13:09:08,1000.0,10.0,B
2021-06-23T13:08:35,400.0,10.0,B
2021-06-23T13:08:29,500.0,10.0,B
2021-06-23T13:08:28,1700.0,10.0,B
2021-06-23T13:08:14,6600.0,10.0,B
2021-06-23T13:07:49,1000.0,10.0,B
2021-06-23T13:07:43,5600.0,10.0,B
2021-06-23T13:07:20,2000.0,10.0,B
2021-06-23T13:06:41,1100.0,10.0,B
2021-06-23T13:06:41,900.0,10.0,B
2021-06-23T13:06:39,100.0,10.0,B
2021-06-23T13:05:39,5000.0,10.0,B
2021-06-23T13:04:16,1600.0,9.99,B
2021-06-23T13:03:55,4000.0,9.96,B
2021-06-23T13:03:04,1000.0,9.96,S
2021-06-23T13:01:23,200.0,9.95,S
2021-06-23T13:01:18,5000.0,9.95,S
2021-06-23T11:29:29,15000.0,9.9,S
2021-06-23T11:29:16,300.0,9.95,S
2021-06-23T11:29:00,4000.0,9.95,S
2021-06-23T11:27:52,100.0,9.95,S
2021-06-23T11:27:48,1000.0,9.99,B
2021-06-23T11:27:06,500.0,9.99,S
2021-06-23T11:26:29,6400.0,9.9,S
2021-06-23T11:25:44,1000.0,10.0,B
2021-06-23T11:25:09,1000.0,10.0,S
2021-06-23T11:24:35,100.0,10.0,S
2021-06-23T11:22:47,500.0,10.0,S
2021-06-23T11:22:42,1500.0,10.0,S
2021-06-23T11:22:41,2000.0,10.0,S
2021-06-23T11:22:41,700.0,10.0,S
2021-06-23T11:22:41,5100.0,10.0,S
2021-06-23T11:22:41,400.0,10.0,S
2021-06-23T11:22:41,1300.0,10.0,S
2021-06-23T11:22:41,2500.0,10.0,S
2021-06-23T11:22:41,25500.0,10.0,S
2021-06-23T11:22:41,1200.0,10.0,S
2021-06-23T11:22:41,2800.0,10.0,S
2021-06-23T11:22:41,800.0,10.0,S
2021-06-23T11:22:41,2900.0,10.0,S
2021-06-23T11:22:22,100.0,10.0,S
2021-06-23T11:22:05,1700.0,10.05,B
2021-06-23T11:22:03,800.0,10.0,S
2021-06-23T11:21:33,500.0,10.0,S
2021-06-23T11:21:09,500.0,10.0,S
2021-06-23T11:20:13,8000.0,10.0,S
2021-06-23T11:20:10,300.0,10.0,S
2021-06-23T11:18:40,500.0,10.05,S
2021-06-23T11:18:26,700.0,10.05,S
2021-06-23T11:17:45,100.0,10.05,S
2021-06-23T11:16:51,100.0,10.05,S
2021-06-23T11:16:29,7800.0,10.05,S
2021-06-23T11:16:22,700.0,10.05,S
2021-06-23T11:16:22,2000.0,10.05,S
2021-06-23T11:16:22,1400.0,10.05,S
2021-06-23T11:16:22,2900.0,10.05,S
2021-06-23T11:15:34,7200.0,10.05,S
2021-06-23T11:14:53,2000.0,10.1,S
2021-06-23T11:14:48,1000.0,10.1,S
2021-06-23T11:14:23,20000.0,10.1,S
2021-06-23T11:14:21,1100.0,10.1,S
2021-06-23T11:14:21,6900.0,10.1,S
2021-06-23T11:14:21,2400.0,10.1,S
2021-06-23T11:13:49,700.0,10.1,S
2021-06-23T11:13:28,5000.0,10.1,S
2021-06-23T11:12:13,1000.0,10.15,B
2021-06-23T11:11:49,1000.0,10.1,S
2021-06-23T11:11:36,1100.0,10.1,S
2021-06-23T11:11:36,400.0,10.1,S
2021-06-23T11:10:41,5000.0,10.1,S
2021-06-23T11:10:31,200.0,10.1,S
2021-06-23T11:09:18,300.0,10.1,S
2021-06-23T11:07:31,1000.0,10.1,S
2021-06-23T11:05:45,1000.0,10.1,S
2021-06-23T11:05:35,1000.0,10.1,S
2021-06-23T11:03:32,900.0,10.1,S
2021-06-23T11:02:10,1000.0,10.15,B
2021-06-23T11:01:21,5000.0,10.15,B
2021-06-23T11:01:05,300.0,10.15,B
2021-06-23T11:00:27,1000.0,10.15,B
2021-06-23T10:59:54,2000.0,10.15,B
2021-06-23T10:59:40,3000.0,10.15,B
2021-06-23T10:59:38,15000.0,10.15,B
2021-06-23T10:59:14,200.0,10.15,S
2021-06-23T10:58:59,600.0,10.2,B
2021-06-23T10:58:43,400.0,10.15,S
2021-06-23T10:58:18,2100.0,10.15,S
2021-06-23T10:58:18,3900.0,10.15,S
2021-06-23T10:57:18,2100.0,10.15,B
2021-06-23T10:56:03,100.0,10.15,B
2021-06-23T10:54:13,1000.0,10.15,B
2021-06-23T10:53:06,100.0,10.15,B
2021-06-23T10:52:24,5200.0,10.15,S
2021-06-23T10:49:05,100.0,10.2,B
2021-06-23T10:48:25,1000.0,10.2,B
2021-06-23T10:46:15,100.0,10.2,B
2021-06-23T10:45:23,200.0,10.2,B
2021-06-23T10:45:14,300.0,10.2,B
2021-06-23T10:44:43,1000.0,10.2,B
2021-06-23T10:43:50,6000.0,10.2,B
2021-06-23T10:43:44,10000.0,10.2,B
2021-06-23T10:43:37,800.0,10.2,B
2021-06-23T10:41:25,100.0,10.2,S
2021-06-23T10:40:08,4900.0,10.2,B
2021-06-23T10:40:04,1700.0,10.15,S
2021-06-23T10:38:13,100.0,10.15,S
2021-06-23T10:38:01,3900.0,10.15,B
2021-06-23T10:37:59,500.0,10.15,B
2021-06-23T10:37:53,500.0,10.15,B
2021-06-23T10:37:25,100.0,10.15,B
2021-06-23T10:36:29,100.0,10.1,S
2021-06-23T10:36:10,2000.0,10.1,S
2021-06-23T10:36:03,1500.0,10.1,S
2021-06-23T10:36:03,7200.0,10.1,S
2021-06-23T10:35:10,3800.0,10.1,S
2021-06-23T10:35:10,200.0,10.1,S
2021-06-23T10:34:54,100.0,10.15,S
2021-06-23T10:34:39,5000.0,10.1,S
2021-06-23T10:34:39,100.0,10.1,S
2021-06-23T10:34:39,4600.0,10.1,S
2021-06-23T10:34:39,300.0,10.15,S
2021-06-23T10:34:14,1700.0,10.15,B
2021-06-23T10:33:34,2000.0,10.15,B
2021-06-23T10:32:53,3000.0,10.15,B
2021-06-23T10:32:34,300.0,10.15,B
2021-06-23T10:31:54,100.0,10.15,B
2021-06-23T10:31:26,1000.0,10.15,B
2021-06-23T10:31:16,100.0,10.1,S
2021-06-23T10:30:54,300.0,10.1,S
2021-06-23T10:30:54,5200.0,10.1,S
2021-06-23T10:30:54,14500.0,10.1,S
2021-06-23T10:30:29,100.0,10.15,B
2021-06-23T10:30:29,3000.0,10.15,B
2021-06-23T10:30:19,500.0,10.1,S
2021-06-23T10:30:04,1100.0,10.15,B
2021-06-23T10:30:04,21900.0,10.15,B
2021-06-23T10:29:55,50000.0,10.15,S
2021-06-23T10:29:53,7100.0,10.15,S
2021-06-23T10:29:10,5000.0,10.15,S
2021-06-23T10:25:07,6000.0,10.15,S
2021-06-23T10:24:50,200.0,10.15,S
2021-06-23T10:23:09,4700.0,10.1,S
2021-06-23T10:22:48,2100.0,10.1,S
2021-06-23T10:22:47,7700.0,10.1,S
2021-06-23T10:22:47,10100.0,10.15,S
2021-06-23T10:22:47,2200.0,10.15,S
2021-06-23T10:22:30,1000.0,10.15,S
2021-06-23T10:22:26,800.0,10.15,S
2021-06-23T10:22:26,5000.0,10.15,S
2021-06-23T10:22:26,2200.0,10.15,S
2021-06-23T10:21:54,6800.0,10.15,S
2021-06-23T10:21:54,5200.0,10.15,S
2021-06-23T10:21:18,400.0,10.2,S
2021-06-23T10:19:58,300.0,10.2,S
2021-06-23T10:17:18,1000.0,10.2,S
2021-06-23T10:15:40,400.0,10.2,B
2021-06-23T10:15:12,9600.0,10.2,S
2021-06-23T10:14:45,100.0,10.25,B
2021-06-23T10:13:57,20000.0,10.25,B
2021-06-23T10:13:50,21000.0,10.25,S
2021-06-23T10:12:27,1000.0,10.25,B
2021-06-23T10:09:34,200.0,10.3,B
2021-06-23T10:08:05,100.0,10.2,S
2021-06-23T10:07:39,15000.0,10.2,S
2021-06-23T10:07:39,100.0,10.2,S
2021-06-23T10:07:39,1100.0,10.2,S
2021-06-23T10:07:39,4100.0,10.2,S
2021-06-23T10:07:39,19700.0,10.2,S
2021-06-23T10:06:15,1000.0,10.3,B
2021-06-23T10:05:17,1000.0,10.2,S
2021-06-23T10:05:09,100.0,10.2,S
2021-06-23T10:05:09,200.0,10.2,S
2021-06-23T10:02:37,3200.0,10.2,S
2021-06-23T10:02:37,5000.0,10.25,S
2021-06-23T10:02:35,500.0,10.3,S
2021-06-23T10:02:35,1300.0,10.3,S
2021-06-23T10:02:22,400.0,10.3,S
2021-06-23T10:01:52,2000.0,10.3,S
2021-06-23T10:01:10,200.0,10.3,S
2021-06-23T09:58:01,100.0,10.3,S
2021-06-23T09:56:53,2100.0,10.3,B
2021-06-23T09:55:11,2600.0,10.3,B
2021-06-23T09:55:05,500.0,10.3,B
2021-06-23T09:54:44,200.0,10.3,B
2021-06-23T09:54:10,1700.0,10.3,B
2021-06-23T09:51:24,200.0,10.3,B
2021-06-23T09:48:31,100.0,10.2,S
2021-06-23T09:48:31,1600.0,10.2,S
2021-06-23T09:47:52,18300.0,10.2,S
2021-06-23T09:47:46,1600.0,10.2,S
2021-06-23T09:47:44,8400.0,10.2,S
2021-06-23T09:47:26,4000.0,10.3,S
2021-06-23T09:47:16,200.0,10.3,S
2021-06-23T09:47:15,4100.0,10.3,S
2021-06-23T09:46:17,1900.0,10.35,S
2021-06-23T09:45:43,100.0,10.35,B
2021-06-23T09:43:36,1900.0,10.45,B
2021-06-23T09:43:36,1100.0,10.4,B
2021-06-23T09:43:23,10000.0,10.3,S
2021-06-23T09:43:19,300.0,10.35,B
2021-06-23T09:42:48,200.0,10.35,S
2021-06-23T09:42:30,400.0,10.4,B
2021-06-23T09:41:53,100.0,10.4,S
2021-06-23T09:40:35,500.0,10.4,S
2021-06-23T09:40:15,3000.0,10.4,B
2021-06-23T09:39:53,6400.0,10.4,B
2021-06-23T09:39:14,2900.0,10.35,S
2021-06-23T09:39:01,3500.0,10.35,S
2021-06-23T09:38:40,200.0,10.35,S
2021-06-23T09:38:14,500.0,10.35,S
2021-06-23T09:37:37,100.0,10.35,S
2021-06-23T09:36:55,100.0,10.35,S
2021-06-23T09:33:09,2000.0,10.3,S
2021-06-23T09:32:48,2000.0,10.4,B
2021-06-23T09:32:20,100.0,10.4,B
2021-06-23T09:32:20,400.0,10.4,B
2021-06-23T09:30:09,300.0,10.4,B
2021-06-23T09:29:56,100.0,10.4,B
2021-06-23T09:29:46,200.0,10.4,B
2021-06-23T09:27:27,2300.0,10.3,B
2021-06-23T09:27:11,7000.0,10.25,S
2021-06-23T09:26:30,900.0,10.3,S
2021-06-23T09:23:50,2000.0,10.3,S
2021-06-23T09:22:52,100.0,10.3,S
2021-06-23T09:22:35,100.0,10.3,S
2021-06-23T09:22:14,1000.0,10.3,S
2021-06-23T09:22:06,100.0,10.3,S
2021-06-23T09:21:54,1000.0,10.3,S
2021-06-23T09:21:50,10000.0,10.3,S
2021-06-23T09:21:12,1000.0,10.3,B
2021-06-23T09:21:10,200.0,10.3,B
2021-06-23T09:21:09,100.0,10.3,B
2021-06-23T09:20:54,600.0,10.3,B
2021-06-23T09:20:42,400.0,10.3,B
2021-06-23T09:20:34,100.0,10.3,B
2021-06-23T09:20:29,200.0,10.3,B
2021-06-23T09:20:29,4000.0,10.3,B
2021-06-23T09:20:29,1100.0,10.3,B
2021-06-23T09:20:29,3100.0,10.3,B
2021-06-23T09:20:19,100.0,10.2,S
2021-06-23T09:19:56,3500.0,10.2,S
2021-06-23T09:19:56,1500.0,10.2,S
2021-06-23T09:19:49,200.0,10.3,B
2021-06-23T09:19:44,500.0,10.3,B
2021-06-23T09:19:13,600.0,10.2,B
2021-06-23T09:18:53,37900.0,10.2,B
2021-06-23T09:18:50,500.0,10.2,S
2021-06-23T09:18:48,10700.0,10.2,S
2021-06-23T09:17:21,500.0,10.3,B
2021-06-23T09:17:10,500.0,10.2,S
2021-06-23T09:17:06,100.0,10.2,S
2021-06-23T09:16:48,900.0,10.2,S
2021-06-23T09:16:42,1000.0,10.2,S
2021-06-23T09:16:26,5700.0,10.3,S
2021-06-23T09:15:38,1400.0,10.3,S
2021-06-23T09:15:23,100.0,10.3,S
