tradingTime,volume,price,side
2021-06-23T14:19:03,200.0,41.3,B
2021-06-23T14:18:58,5000.0,41.2,B
2021-06-23T14:17:08,3300.0,41.2,S
2021-06-23T14:16:30,200.0,41.2,B
2021-06-23T14:16:01,1000.0,41.2,S
2021-06-23T14:15:50,2000.0,41.2,B
2021-06-23T14:11:10,5200.0,41.2,B
2021-06-23T14:10:13,500.0,41.2,B
2021-06-23T14:10:00,100.0,41.1,S
2021-06-23T14:07:56,100.0,41.0,S
2021-06-23T14:04:50,1000.0,41.0,S
2021-06-23T14:04:41,100.0,41.1,S
2021-06-23T14:03:59,2900.0,41.1,S
2021-06-23T14:03:35,2100.0,41.1,S
2021-06-23T14:02:19,100.0,41.0,S
2021-06-23T14:01:00,900.0,41.0,S
2021-06-23T14:00:35,2100.0,41.1,B
2021-06-23T14:00:04,1000.0,41.1,S
2021-06-23T13:59:47,2100.0,41.2,S
2021-06-23T13:59:38,2200.0,41.2,S
2021-06-23T13:57:05,1000.0,41.2,S
2021-06-23T13:55:39,200.0,41.2,S
2021-06-23T13:54:17,1600.0,41.2,B
2021-06-23T13:53:11,2000.0,41.2,B
2021-06-23T13:52:23,3000.0,41.2,B
2021-06-23T13:52:20,200.0,41.2,B
2021-06-23T13:51:21,1000.0,41.2,B
2021-06-23T13:51:07,1000.0,41.2,B
2021-06-23T13:46:43,100.0,41.1,S
2021-06-23T13:45:50,1500.0,41.1,S
2021-06-23T13:44:50,3000.0,41.1,B
2021-06-23T13:44:41,500.0,41.0,S
2021-06-23T13:43:10,1000.0,41.0,S
2021-06-23T13:42:59,700.0,41.0,S
2021-06-23T13:42:44,700.0,41.1,B
2021-06-23T13:42:21,2000.0,41.0,S
2021-06-23T13:42:17,4000.0,41.0,S
2021-06-23T13:42:02,200.0,41.0,B
2021-06-23T13:41:58,500.0,41.0,B
2021-06-23T13:40:46,100.0,41.0,S
2021-06-23T13:40:46,2200.0,41.0,S
2021-06-23T13:40:36,5000.0,41.0,S
2021-06-23T13:39:47,500.0,41.1,B
2021-06-23T13:39:45,300.0,41.1,S
2021-06-23T13:37:10,10000.0,41.1,S
2021-06-23T13:37:05,1000.0,41.2,B
2021-06-23T13:36:25,2700.0,41.0,S
2021-06-23T13:36:09,10000.0,41.0,B
2021-06-23T13:35:56,100.0,41.0,B
2021-06-23T13:35:37,1000.0,41.0,B
2021-06-23T13:35:35,5000.0,41.0,B
2021-06-23T13:35:26,2000.0,41.0,B
2021-06-23T13:35:10,2700.0,40.9,S
2021-06-23T13:34:22,100.0,40.9,S
2021-06-23T13:33:50,200.0,41.0,B
2021-06-23T13:33:31,300.0,40.9,B
2021-06-23T13:32:19,500.0,40.8,B
2021-06-23T13:31:47,2000.0,40.8,B
2021-06-23T13:31:35,300.0,40.8,B
2021-06-23T13:31:26,500.0,40.8,B
2021-06-23T13:30:36,1000.0,40.9,B
2021-06-23T13:30:28,500.0,40.6,S
2021-06-23T13:29:07,500.0,40.6,S
2021-06-23T13:29:03,1000.0,40.9,B
2021-06-23T13:29:02,1000.0,40.6,S
2021-06-23T13:28:41,1700.0,40.7,B
2021-06-23T13:28:32,400.0,40.7,S
2021-06-23T13:28:25,500.0,40.7,S
2021-06-23T13:27:11,300.0,40.7,S
2021-06-23T13:27:00,100.0,40.7,B
2021-06-23T13:26:30,400.0,40.7,B
2021-06-23T13:26:21,100.0,40.5,S
2021-06-23T13:26:15,2000.0,40.7,B
2021-06-23T13:25:57,300.0,40.7,S
2021-06-23T13:25:51,1000.0,40.7,S
2021-06-23T13:25:51,2000.0,40.7,S
2021-06-23T13:25:39,1000.0,40.8,S
2021-06-23T13:25:28,2000.0,40.9,S
2021-06-23T13:25:21,1000.0,41.0,B
2021-06-23T13:23:38,12200.0,41.0,S
2021-06-23T13:23:34,2000.0,41.1,S
2021-06-23T13:23:28,4000.0,41.1,S
2021-06-23T13:22:27,100.0,41.2,B
2021-06-23T13:21:11,100.0,41.2,B
2021-06-23T13:17:57,6000.0,41.2,B
2021-06-23T13:16:41,500.0,41.1,S
2021-06-23T13:14:31,1000.0,41.1,S
2021-06-23T13:14:12,1000.0,41.1,S
2021-06-23T13:14:08,400.0,41.1,B
2021-06-23T13:13:49,4600.0,41.1,S
2021-06-23T13:13:02,500.0,41.1,S
2021-06-23T13:11:51,800.0,41.2,B
2021-06-23T13:11:00,100.0,41.2,B
2021-06-23T13:10:53,100.0,41.2,B
2021-06-23T13:09:24,1000.0,41.1,S
2021-06-23T13:08:17,7000.0,41.0,S
2021-06-23T13:06:25,500.0,41.0,S
2021-06-23T13:04:56,5000.0,41.0,S
2021-06-23T13:04:46,10500.0,41.0,S
2021-06-23T13:04:24,4500.0,41.1,B
2021-06-23T13:04:23,1000.0,41.2,S
2021-06-23T13:03:35,100.0,41.2,B
2021-06-23T13:00:19,5700.0,41.1,B
2021-06-23T13:00:14,13800.0,41.1,S
2021-06-23T11:30:02,100.0,41.2,S
2021-06-23T11:29:58,900.0,41.2,B
2021-06-23T11:29:22,1100.0,41.2,S
2021-06-23T11:29:12,4000.0,41.2,S
2021-06-23T11:29:04,200.0,41.2,S
2021-06-23T11:28:57,500.0,41.2,S
2021-06-23T11:28:31,200.0,41.2,S
2021-06-23T11:28:30,2000.0,41.1,S
2021-06-23T11:28:07,500.0,41.1,S
2021-06-23T11:28:04,500.0,41.2,S
2021-06-23T11:27:49,5000.0,41.2,S
2021-06-23T11:26:18,200.0,41.2,S
2021-06-23T11:25:55,1700.0,41.2,S
2021-06-23T11:25:04,300.0,41.2,S
2021-06-23T11:25:00,500.0,41.2,S
2021-06-23T11:24:57,1000.0,41.2,S
2021-06-23T11:24:38,300.0,41.2,S
2021-06-23T11:24:02,1000.0,41.1,S
2021-06-23T11:23:52,500.0,41.1,S
2021-06-23T11:23:28,5000.0,41.1,S
2021-06-23T11:23:23,2400.0,41.2,B
2021-06-23T11:23:18,3000.0,41.2,B
2021-06-23T11:23:11,1600.0,41.2,S
2021-06-23T11:22:50,1400.0,41.2,B
2021-06-23T11:21:58,1000.0,41.2,B
2021-06-23T11:21:34,200.0,41.1,S
2021-06-23T11:21:33,1000.0,41.1,S
2021-06-23T11:21:32,1300.0,41.1,S
2021-06-23T11:21:29,3700.0,41.1,B
2021-06-23T11:21:08,1400.0,41.1,S
2021-06-23T11:19:48,500.0,41.2,S
2021-06-23T11:19:42,2000.0,41.2,S
2021-06-23T11:19:33,900.0,41.2,S
2021-06-23T11:19:29,100.0,41.2,S
2021-06-23T11:18:47,200.0,41.1,S
2021-06-23T11:18:46,18400.0,41.1,S
2021-06-23T11:18:29,1600.0,41.2,S
2021-06-23T11:17:13,2500.0,41.2,S
2021-06-23T11:17:05,1000.0,41.2,S
2021-06-23T11:16:46,1000.0,41.2,S
2021-06-23T11:16:26,400.0,41.2,S
2021-06-23T11:16:06,1200.0,41.3,B
2021-06-23T11:16:06,100.0,41.3,S
2021-06-23T11:15:23,500.0,41.3,S
2021-06-23T11:15:14,1000.0,41.3,S
2021-06-23T11:14:52,300.0,41.3,S
2021-06-23T11:14:35,300.0,41.3,S
2021-06-23T11:12:51,1000.0,41.3,S
2021-06-23T11:12:47,1000.0,41.3,S
2021-06-23T11:12:43,1000.0,41.3,B
2021-06-23T11:12:31,1000.0,41.3,B
2021-06-23T11:12:18,500.0,41.3,S
2021-06-23T11:11:11,100.0,41.3,S
2021-06-23T11:10:53,100.0,41.3,S
2021-06-23T11:10:08,400.0,41.3,B
2021-06-23T11:09:49,1600.0,41.3,S
2021-06-23T11:09:30,100.0,41.3,S
2021-06-23T11:08:36,800.0,41.3,S
2021-06-23T11:08:25,2000.0,41.3,S
2021-06-23T11:08:17,200.0,41.3,S
2021-06-23T11:08:00,5000.0,41.3,S
2021-06-23T11:07:54,500.0,41.4,S
2021-06-23T11:06:51,6000.0,41.4,S
2021-06-23T11:00:43,400.0,41.6,B
2021-06-23T10:50:13,1000.0,41.7,B
2021-06-23T10:50:06,4000.0,41.7,S
2021-06-23T10:48:49,5000.0,41.7,S
2021-06-23T10:48:42,100.0,41.8,B
2021-06-23T10:48:37,10000.0,41.7,S
2021-06-23T10:47:49,200.0,41.8,B
2021-06-23T10:47:36,600.0,41.8,B
2021-06-23T10:45:10,10000.0,41.7,S
2021-06-23T10:44:23,1700.0,41.4,B
2021-06-23T10:42:39,500.0,41.3,S
2021-06-23T10:42:38,100.0,41.3,S
2021-06-23T10:42:37,2500.0,41.3,S
2021-06-23T10:42:08,1000.0,41.3,S
2021-06-23T10:40:16,1000.0,41.3,S
2021-06-23T10:39:30,200.0,41.3,B
2021-06-23T10:39:26,300.0,41.2,S
2021-06-23T10:39:06,100.0,41.2,S
2021-06-23T10:38:42,100.0,41.3,B
2021-06-23T10:38:29,2000.0,41.3,S
2021-06-23T10:38:21,400.0,41.3,S
2021-06-23T10:36:55,5000.0,41.3,S
2021-06-23T10:36:48,5000.0,41.3,S
2021-06-23T10:36:28,2000.0,41.4,S
2021-06-23T10:35:45,200.0,41.4,S
2021-06-23T10:35:23,1200.0,41.4,S
2021-06-23T10:35:07,800.0,41.4,S
2021-06-23T10:35:00,3000.0,41.4,S
2021-06-23T10:34:59,1000.0,41.4,S
2021-06-23T10:34:49,2000.0,41.4,S
2021-06-23T10:34:42,4000.0,41.4,S
2021-06-23T10:34:32,500.0,41.5,S
2021-06-23T10:34:24,1000.0,41.5,S
2021-06-23T10:32:21,3000.0,41.5,S
2021-06-23T10:32:10,5000.0,41.5,S
2021-06-23T10:31:42,200.0,41.5,S
2021-06-23T10:31:37,200.0,41.5,S
2021-06-23T10:30:29,500.0,41.5,S
2021-06-23T10:29:46,6300.0,41.5,S
2021-06-23T10:29:10,10000.0,41.5,S
2021-06-23T10:29:02,500.0,41.6,B
2021-06-23T10:28:52,100.0,41.6,B
2021-06-23T10:28:48,5000.0,41.6,B
2021-06-23T10:28:28,1000.0,41.6,B
2021-06-23T10:25:51,900.0,41.6,S
2021-06-23T10:23:38,200.0,41.6,S
2021-06-23T10:23:31,100.0,41.6,B
2021-06-23T10:23:16,1000.0,41.6,B
2021-06-23T10:23:05,1000.0,41.6,B
2021-06-23T10:22:24,2000.0,41.6,B
2021-06-23T10:21:37,500.0,41.6,B
2021-06-23T10:20:01,500.0,41.5,S
2021-06-23T10:19:48,5200.0,41.6,S
2021-06-23T10:19:06,500.0,41.6,S
2021-06-23T10:18:15,1000.0,41.6,S
2021-06-23T10:18:07,2000.0,41.6,S
2021-06-23T10:17:02,400.0,41.6,S
2021-06-23T10:15:21,300.0,41.7,S
2021-06-23T10:15:01,100.0,41.8,B
2021-06-23T10:14:06,200.0,41.8,B
2021-06-23T10:12:35,1000.0,41.8,B
2021-06-23T10:11:10,200.0,41.8,B
2021-06-23T10:10:32,3000.0,41.7,S
2021-06-23T10:10:19,200.0,41.7,B
2021-06-23T10:09:04,500.0,41.7,B
2021-06-23T10:08:39,500.0,41.6,S
2021-06-23T10:08:14,300.0,41.6,S
2021-06-23T10:06:55,500.0,41.6,S
2021-06-23T10:06:48,1000.0,41.6,S
2021-06-23T10:04:48,100.0,41.6,S
2021-06-23T10:04:29,200.0,41.6,S
2021-06-23T10:04:00,300.0,41.6,S
2021-06-23T09:59:53,300.0,41.6,S
2021-06-23T09:57:25,300.0,41.6,S
2021-06-23T09:56:53,900.0,41.6,B
2021-06-23T09:56:43,1000.0,41.6,B
2021-06-23T09:56:35,200.0,41.6,B
2021-06-23T09:56:21,1000.0,41.6,B
2021-06-23T09:55:48,100.0,41.6,B
2021-06-23T09:55:32,200.0,41.6,B
2021-06-23T09:55:23,500.0,41.6,B
2021-06-23T09:55:14,200.0,41.6,B
2021-06-23T09:54:28,100.0,41.6,S
2021-06-23T09:54:24,1700.0,41.6,S
2021-06-23T09:53:18,3000.0,41.6,S
2021-06-23T09:52:42,3300.0,41.7,B
2021-06-23T09:52:31,300.0,41.7,S
2021-06-23T09:52:23,200.0,41.7,S
2021-06-23T09:52:08,1000.0,41.7,S
2021-06-23T09:51:34,2000.0,41.7,S
2021-06-23T09:50:52,1500.0,41.7,S
2021-06-23T09:49:43,100.0,41.7,S
2021-06-23T09:49:33,2000.0,41.7,S
2021-06-23T09:48:30,1000.0,41.7,S
2021-06-23T09:48:25,2000.0,41.7,S
2021-06-23T09:48:19,100.0,41.8,B
2021-06-23T09:45:18,100.0,41.8,B
2021-06-23T09:45:03,1500.0,41.7,S
2021-06-23T09:44:37,1000.0,41.8,B
2021-06-23T09:44:34,200.0,41.7,S
2021-06-23T09:42:27,1100.0,41.8,B
2021-06-23T09:40:54,600.0,41.8,B
2021-06-23T09:40:42,1000.0,41.8,S
2021-06-23T09:39:54,500.0,41.8,S
2021-06-23T09:39:37,100.0,41.8,S
2021-06-23T09:39:21,500.0,41.8,S
2021-06-23T09:39:15,1000.0,41.8,S
2021-06-23T09:36:29,1000.0,41.9,B
2021-06-23T09:36:24,800.0,41.8,S
2021-06-23T09:35:59,600.0,41.8,S
2021-06-23T09:35:55,500.0,41.9,B
2021-06-23T09:34:03,500.0,41.8,S
2021-06-23T09:33:59,1200.0,41.8,S
2021-06-23T09:33:34,1000.0,41.8,S
2021-06-23T09:33:21,1000.0,41.8,S
2021-06-23T09:33:17,100.0,41.8,S
2021-06-23T09:32:33,500.0,41.8,S
2021-06-23T09:32:18,100.0,41.8,S
2021-06-23T09:32:01,100.0,41.8,S
2021-06-23T09:31:49,200.0,41.8,S
2021-06-23T09:25:50,200.0,41.9,B
2021-06-23T09:25:46,300.0,41.9,B
2021-06-23T09:24:17,100.0,41.9,B
2021-06-23T09:24:10,1000.0,41.9,S
2021-06-23T09:23:59,500.0,41.9,S
2021-06-23T09:23:53,100.0,42.0,B
2021-06-23T09:23:08,4100.0,42.0,S
2021-06-23T09:20:50,100.0,42.0,S
2021-06-23T09:20:10,100.0,42.0,S
2021-06-23T09:19:46,1700.0,42.0,S
2021-06-23T09:19:42,800.0,42.0,B
2021-06-23T09:19:42,100.0,42.0,B
2021-06-23T09:18:58,100.0,42.0,S
2021-06-23T09:18:47,1000.0,42.0,S
2021-06-23T09:18:00,1100.0,42.0,S
2021-06-23T09:17:53,500.0,42.0,S
2021-06-23T09:16:40,300.0,42.0,S
2021-06-23T09:11:12,300.0,42.0,S
2021-06-23T09:10:52,400.0,42.0,B
2021-06-23T09:10:37,100.0,42.0,B
2021-06-23T09:08:21,2000.0,42.0,S
