tradingTime,volume,price,side
2021-06-23T14:22:36,100.0,21.5,B
2021-06-23T14:22:13,400.0,21.5,S
2021-06-23T14:21:29,1000.0,21.5,S
2021-06-23T14:21:05,16700.0,21.5,B
2021-06-23T14:20:51,1000.0,21.5,B
2021-06-23T14:20:04,1000.0,21.5,B
2021-06-23T14:19:16,200.0,21.5,B
2021-06-23T14:19:13,1000.0,21.5,B
2021-06-23T14:19:09,100.0,21.5,B
2021-06-23T14:18:48,1000.0,21.5,B
2021-06-23T14:17:46,2000.0,21.5,B
2021-06-23T14:16:04,1000.0,21.4,S
2021-06-23T14:15:21,800.0,21.4,B
2021-06-23T14:15:15,500.0,21.4,B
2021-06-23T14:14:51,100.0,21.4,B
2021-06-23T14:14:39,200.0,21.4,B
2021-06-23T14:14:05,2400.0,21.4,S
2021-06-23T14:12:53,700.0,21.4,S
2021-06-23T14:11:27,10000.0,21.5,B
2021-06-23T14:11:06,500.0,21.4,S
2021-06-23T14:10:33,200.0,21.5,B
2021-06-23T14:06:35,1000.0,21.5,B
2021-06-23T14:06:33,100.0,21.5,B
2021-06-23T14:05:01,300.0,21.5,B
2021-06-23T14:03:32,1800.0,21.5,B
2021-06-23T14:02:41,10000.0,21.3,S
2021-06-23T14:02:24,400.0,21.5,B
2021-06-23T14:00:40,1600.0,21.4,S
2021-06-23T14:00:16,4800.0,21.5,B
2021-06-23T13:59:47,300.0,21.5,S
2021-06-23T13:59:45,3000.0,21.5,S
2021-06-23T13:58:17,10000.0,21.5,S
2021-06-23T13:57:55,200.0,21.6,B
2021-06-23T13:57:36,100.0,21.6,B
2021-06-23T13:57:16,8900.0,21.6,S
2021-06-23T13:57:15,2000.0,21.6,S
2021-06-23T13:57:02,2000.0,21.6,S
2021-06-23T13:56:16,200.0,21.6,S
2021-06-23T13:55:59,1000.0,21.6,S
2021-06-23T13:55:34,500.0,21.6,S
2021-06-23T13:55:13,2500.0,21.6,S
2021-06-23T13:54:54,1000.0,21.6,S
2021-06-23T13:54:44,1500.0,21.6,S
2021-06-23T13:54:42,3000.0,21.7,B
2021-06-23T13:54:30,1000.0,21.6,S
2021-06-23T13:54:26,5000.0,21.6,S
2021-06-23T13:53:18,200.0,21.7,B
2021-06-23T13:52:59,300.0,21.7,B
2021-06-23T13:52:42,2000.0,21.7,B
2021-06-23T13:51:09,2400.0,21.6,S
2021-06-23T13:50:22,100.0,21.7,B
2021-06-23T13:49:35,300.0,21.7,B
2021-06-23T13:48:32,400.0,21.7,B
2021-06-23T13:47:05,200.0,21.7,B
2021-06-23T13:46:15,1100.0,21.7,B
2021-06-23T13:45:24,5200.0,21.6,B
2021-06-23T13:45:01,200.0,21.6,B
2021-06-23T13:44:19,500.0,21.6,B
2021-06-23T13:44:13,400.0,21.5,S
2021-06-23T13:43:43,10000.0,21.6,B
2021-06-23T13:41:58,1000.0,21.6,B
2021-06-23T13:41:57,400.0,21.6,B
2021-06-23T13:41:52,1000.0,21.6,B
2021-06-23T13:41:16,1000.0,21.6,S
2021-06-23T13:40:58,1000.0,21.6,S
2021-06-23T13:40:51,400.0,21.7,B
2021-06-23T13:40:44,1100.0,21.6,S
2021-06-23T13:40:14,800.0,21.6,B
2021-06-23T13:40:10,2000.0,21.6,B
2021-06-23T13:39:56,3000.0,21.6,B
2021-06-23T13:38:39,100.0,21.5,S
2021-06-23T13:38:38,1000.0,21.5,B
2021-06-23T13:38:07,10000.0,21.5,B
2021-06-23T13:37:56,500.0,21.5,B
2021-06-23T13:37:33,100.0,21.4,S
2021-06-23T13:36:02,500.0,21.4,S
2021-06-23T13:35:46,200.0,21.4,S
2021-06-23T13:34:57,500.0,21.4,S
2021-06-23T13:34:09,800.0,21.4,B
2021-06-23T13:33:41,400.0,21.4,S
2021-06-23T13:32:51,1000.0,21.4,S
2021-06-23T13:32:51,1000.0,21.4,S
2021-06-23T13:32:43,100.0,21.4,S
2021-06-23T13:31:40,2000.0,21.4,B
2021-06-23T13:31:27,10000.0,21.4,B
2021-06-23T13:31:05,25000.0,21.3,S
2021-06-23T13:30:56,500.0,21.3,S
2021-06-23T13:30:51,5600.0,21.3,B
2021-06-23T13:30:50,5000.0,21.3,B
2021-06-23T13:30:48,2000.0,21.3,B
2021-06-23T13:30:43,300.0,21.3,B
2021-06-23T13:30:36,200.0,21.3,B
2021-06-23T13:30:26,100.0,21.3,B
2021-06-23T13:30:15,2000.0,21.3,B
2021-06-23T13:29:58,500.0,21.3,B
2021-06-23T13:29:52,1000.0,21.3,B
2021-06-23T13:28:48,1000.0,21.2,S
2021-06-23T13:28:38,500.0,21.3,B
2021-06-23T13:28:31,1000.0,21.2,S
2021-06-23T13:27:53,10000.0,21.2,S
2021-06-23T13:27:22,3000.0,21.2,S
2021-06-23T13:27:09,300.0,21.3,B
2021-06-23T13:25:29,2000.0,21.3,B
2021-06-23T13:24:11,1000.0,21.3,B
2021-06-23T13:23:32,200.0,21.3,B
2021-06-23T13:22:14,100.0,21.3,B
2021-06-23T13:22:00,10000.0,21.3,B
2021-06-23T13:21:22,100.0,21.3,B
2021-06-23T13:21:04,200.0,21.3,B
2021-06-23T13:20:59,500.0,21.3,B
2021-06-23T13:19:26,47200.0,21.3,B
2021-06-23T13:18:32,20000.0,21.3,S
2021-06-23T13:18:24,1800.0,21.4,B
2021-06-23T13:18:24,500.0,21.4,B
2021-06-23T13:18:23,100.0,21.4,B
2021-06-23T13:18:00,300.0,21.4,S
2021-06-23T13:17:50,1200.0,21.4,S
2021-06-23T13:17:36,300.0,21.4,B
2021-06-23T13:16:44,1000.0,21.4,B
2021-06-23T13:16:34,1600.0,21.4,B
2021-06-23T13:15:50,1000.0,21.4,B
2021-06-23T13:15:50,200.0,21.4,B
2021-06-23T13:15:17,200.0,21.4,B
2021-06-23T13:14:49,500.0,21.4,B
2021-06-23T13:14:46,1000.0,21.4,B
2021-06-23T13:14:35,4900.0,21.4,S
2021-06-23T13:14:26,200.0,21.5,B
2021-06-23T13:13:47,500.0,21.5,B
2021-06-23T13:13:35,100.0,21.5,B
2021-06-23T13:13:28,200.0,21.5,B
2021-06-23T13:13:27,100.0,21.4,S
2021-06-23T13:12:52,1000.0,21.4,S
2021-06-23T13:12:32,7400.0,21.4,S
2021-06-23T13:11:26,10000.0,21.4,S
2021-06-23T13:09:56,500.0,21.4,S
2021-06-23T13:09:29,1000.0,21.5,B
2021-06-23T13:09:15,100.0,21.5,B
2021-06-23T13:09:14,2000.0,21.5,B
2021-06-23T13:09:13,500.0,21.5,B
2021-06-23T13:08:10,500.0,21.5,B
2021-06-23T13:07:59,5000.0,21.5,B
2021-06-23T13:06:46,3300.0,21.4,S
2021-06-23T13:06:44,100.0,21.4,B
2021-06-23T13:06:39,600.0,21.4,S
2021-06-23T13:06:36,1400.0,21.4,B
2021-06-23T13:06:33,1000.0,21.4,B
2021-06-23T13:04:36,15000.0,21.3,S
2021-06-23T13:04:04,300.0,21.4,B
2021-06-23T13:03:32,200.0,21.4,B
2021-06-23T13:03:22,500.0,21.4,B
2021-06-23T13:02:11,1000.0,21.3,S
2021-06-23T13:01:19,600.0,21.4,B
2021-06-23T13:01:12,2000.0,21.4,S
2021-06-23T13:00:41,1000.0,21.4,S
2021-06-23T13:00:10,2300.0,21.4,S
2021-06-23T13:00:08,1800.0,21.4,S
2021-06-23T13:00:06,100.0,21.4,S
2021-06-23T13:00:06,5000.0,21.5,B
2021-06-23T13:00:03,300.0,21.4,S
2021-06-23T13:00:02,1100.0,21.4,S
2021-06-23T13:00:02,1000.0,21.4,S
2021-06-23T11:29:47,7000.0,21.3,S
2021-06-23T11:29:40,2000.0,21.4,B
2021-06-23T11:29:37,5000.0,21.3,S
2021-06-23T11:29:36,15000.0,21.3,S
2021-06-23T11:29:09,900.0,21.4,S
2021-06-23T11:28:30,700.0,21.4,S
2021-06-23T11:28:20,1000.0,21.3,S
2021-06-23T11:28:13,300.0,21.4,B
2021-06-23T11:28:06,500.0,21.4,B
2021-06-23T11:28:00,1000.0,21.4,B
2021-06-23T11:27:50,5000.0,21.4,B
2021-06-23T11:27:44,6500.0,21.4,B
2021-06-23T11:27:11,3000.0,21.3,S
2021-06-23T11:27:00,6700.0,21.4,S
2021-06-23T11:26:41,1800.0,21.4,S
2021-06-23T11:26:35,1000.0,21.4,S
2021-06-23T11:25:30,1700.0,21.5,B
2021-06-23T11:23:50,500.0,21.4,S
2021-06-23T11:23:09,200.0,21.4,B
2021-06-23T11:22:52,2000.0,21.4,B
2021-06-23T11:22:44,500.0,21.4,B
2021-06-23T11:22:27,200.0,21.4,B
2021-06-23T11:22:00,7000.0,21.4,B
2021-06-23T11:21:53,200.0,21.3,S
2021-06-23T11:21:33,500.0,21.4,B
2021-06-23T11:21:06,2200.0,21.4,B
2021-06-23T11:21:01,500.0,21.3,B
2021-06-23T11:20:56,1000.0,21.3,B
2021-06-23T11:20:46,28600.0,21.3,B
2021-06-23T11:20:44,100.0,21.4,B
2021-06-23T11:20:25,300.0,21.3,S
2021-06-23T11:20:09,300.0,21.3,S
2021-06-23T11:20:08,3000.0,21.3,S
2021-06-23T11:19:53,2000.0,21.3,S
2021-06-23T11:19:39,500.0,21.3,S
2021-06-23T11:19:17,12000.0,21.3,S
2021-06-23T11:19:04,100.0,21.3,S
2021-06-23T11:18:59,5000.0,21.3,S
2021-06-23T11:18:27,1000.0,21.4,B
2021-06-23T11:16:34,1000.0,21.4,B
2021-06-23T11:16:19,3800.0,21.4,B
2021-06-23T11:15:42,2000.0,21.4,S
2021-06-23T11:15:34,500.0,21.5,B
2021-06-23T11:15:31,1900.0,21.5,S
2021-06-23T11:15:25,1300.0,21.5,S
2021-06-23T11:15:06,100.0,21.5,S
2021-06-23T11:14:33,2100.0,21.6,B
2021-06-23T11:14:31,1900.0,21.5,B
2021-06-23T11:14:19,1500.0,21.5,B
2021-06-23T11:13:57,100.0,21.5,B
2021-06-23T11:13:54,200.0,21.5,B
2021-06-23T11:13:48,2000.0,21.5,B
2021-06-23T11:13:30,1600.0,21.5,B
2021-06-23T11:13:19,600.0,21.4,S
2021-06-23T11:12:45,800.0,21.4,S
2021-06-23T11:12:28,500.0,21.4,B
2021-06-23T11:12:13,1000.0,21.4,B
2021-06-23T11:12:05,1500.0,21.2,S
2021-06-23T11:12:04,1000.0,21.2,S
2021-06-23T11:11:31,200.0,21.2,S
2021-06-23T11:11:16,500.0,21.2,B
2021-06-23T11:11:16,400.0,21.2,B
2021-06-23T11:11:12,100.0,21.2,B
2021-06-23T11:11:07,1500.0,21.2,S
2021-06-23T11:10:47,200.0,21.2,S
2021-06-23T11:10:24,45100.0,21.0,S
2021-06-23T11:10:19,200.0,21.3,S
2021-06-23T11:10:16,300.0,21.4,B
2021-06-23T11:10:07,10000.0,21.4,B
2021-06-23T11:09:37,2900.0,21.4,S
2021-06-23T11:09:35,1000.0,21.4,S
2021-06-23T11:09:25,400.0,21.4,S
2021-06-23T11:09:07,10000.0,21.4,S
2021-06-23T11:08:56,7500.0,21.5,S
2021-06-23T11:08:49,2000.0,21.5,S
2021-06-23T11:08:43,2700.0,21.5,S
2021-06-23T11:08:36,1500.0,21.5,S
2021-06-23T11:08:34,10000.0,21.5,S
2021-06-23T11:08:16,2700.0,21.6,B
2021-06-23T11:07:50,100.0,21.5,S
2021-06-23T11:07:50,1000.0,21.5,S
2021-06-23T11:07:46,2000.0,21.5,S
2021-06-23T11:07:39,2000.0,21.5,S
2021-06-23T11:07:23,20000.0,21.5,S
2021-06-23T11:07:09,3000.0,21.6,B
2021-06-23T11:07:06,1000.0,21.5,S
2021-06-23T11:07:05,100.0,21.5,S
2021-06-23T11:06:59,26500.0,21.5,S
2021-06-23T11:06:54,100.0,21.5,S
2021-06-23T11:06:51,2000.0,21.5,S
2021-06-23T11:06:30,2900.0,21.6,S
2021-06-23T11:06:29,1100.0,21.6,S
2021-06-23T11:06:28,1600.0,21.6,S
2021-06-23T11:06:21,2000.0,21.6,S
2021-06-23T11:06:20,14600.0,21.6,S
2021-06-23T11:06:06,20000.0,21.6,S
2021-06-23T11:05:47,500.0,21.6,S
2021-06-23T11:05:35,5000.0,21.6,S
2021-06-23T11:04:55,2500.0,21.6,S
2021-06-23T11:04:10,2000.0,21.6,S
2021-06-23T11:03:08,900.0,21.6,S
2021-06-23T11:02:05,500.0,21.6,S
2021-06-23T11:02:04,2300.0,21.7,S
2021-06-23T11:01:49,2000.0,21.7,S
2021-06-23T11:01:19,600.0,21.7,S
2021-06-23T11:01:17,3000.0,21.7,S
2021-06-23T10:59:53,5000.0,21.8,B
2021-06-23T10:59:10,200.0,21.8,B
2021-06-23T10:59:07,1000.0,21.7,S
2021-06-23T10:59:07,400.0,21.7,S
2021-06-23T10:59:06,1200.0,21.7,S
2021-06-23T10:58:52,5000.0,21.7,S
2021-06-23T10:58:38,5000.0,21.7,S
2021-06-23T10:58:37,1000.0,21.7,S
2021-06-23T10:58:21,1700.0,21.7,S
2021-06-23T10:58:15,5000.0,21.7,S
2021-06-23T10:58:04,23000.0,21.7,S
2021-06-23T10:57:28,3000.0,21.7,S
2021-06-23T10:56:59,1000.0,21.7,S
2021-06-23T10:56:24,900.0,21.7,S
2021-06-23T10:56:13,200.0,21.8,B
2021-06-23T10:55:54,5000.0,21.7,S
2021-06-23T10:55:49,500.0,21.8,B
2021-06-23T10:53:38,700.0,21.8,B
2021-06-23T10:53:38,100.0,21.8,B
2021-06-23T10:53:35,200.0,21.7,S
2021-06-23T10:52:05,1300.0,21.8,B
2021-06-23T10:52:04,5000.0,21.7,S
2021-06-23T10:51:00,100.0,21.8,B
2021-06-23T10:50:27,100.0,21.8,B
2021-06-23T10:50:15,1400.0,21.8,S
2021-06-23T10:50:13,1000.0,21.8,S
2021-06-23T10:50:09,10000.0,21.8,S
2021-06-23T10:50:02,2000.0,21.8,S
2021-06-23T10:49:27,500.0,21.8,S
2021-06-23T10:49:25,1000.0,21.8,S
2021-06-23T10:48:59,1000.0,21.8,S
2021-06-23T10:48:16,500.0,21.8,S
2021-06-23T10:48:12,300.0,21.8,S
2021-06-23T10:48:10,2100.0,21.8,S
2021-06-23T10:47:57,200.0,21.8,S
2021-06-23T10:47:52,2500.0,21.8,S
2021-06-23T10:47:34,100.0,21.8,S
2021-06-23T10:46:48,5000.0,21.8,S
2021-06-23T10:46:45,900.0,21.9,B
2021-06-23T10:45:33,200.0,21.8,S
2021-06-23T10:45:06,300.0,21.9,B
2021-06-23T10:44:35,500.0,21.8,S
2021-06-23T10:44:05,1000.0,21.8,S
2021-06-23T10:42:40,3000.0,21.8,S
2021-06-23T10:42:00,700.0,21.8,S
2021-06-23T10:41:54,4300.0,21.8,B
2021-06-23T10:41:33,700.0,21.8,S
2021-06-23T10:40:49,300.0,21.8,S
2021-06-23T10:40:44,100.0,21.8,B
2021-06-23T10:40:36,500.0,21.8,S
2021-06-23T10:40:28,1700.0,21.8,S
2021-06-23T10:39:39,1200.0,21.8,B
2021-06-23T10:39:20,1400.0,21.8,B
2021-06-23T10:38:28,1700.0,21.8,S
2021-06-23T10:38:19,600.0,21.8,S
2021-06-23T10:38:18,2000.0,21.8,S
2021-06-23T10:38:09,7300.0,21.8,B
2021-06-23T10:38:06,2000.0,21.8,B
2021-06-23T10:37:58,1000.0,21.7,S
2021-06-23T10:37:55,500.0,21.8,B
2021-06-23T10:37:50,500.0,21.8,B
2021-06-23T10:37:47,1800.0,21.8,B
2021-06-23T10:37:07,2000.0,21.8,B
2021-06-23T10:36:20,3900.0,21.8,B
2021-06-23T10:34:12,500.0,21.8,S
2021-06-23T10:33:26,100.0,21.8,S
2021-06-23T10:33:18,300.0,21.8,B
2021-06-23T10:32:46,300.0,21.8,S
2021-06-23T10:32:34,300.0,21.8,B
2021-06-23T10:32:33,100.0,21.8,B
2021-06-23T10:32:25,100.0,21.8,B
2021-06-23T10:32:04,800.0,21.8,B
2021-06-23T10:32:02,900.0,21.8,S
2021-06-23T10:31:55,300.0,21.8,S
2021-06-23T10:30:01,2700.0,21.8,S
2021-06-23T10:29:50,2500.0,21.8,B
2021-06-23T10:29:08,2500.0,21.8,S
2021-06-23T10:28:31,2000.0,21.8,S
2021-06-23T10:28:25,100.0,21.8,B
2021-06-23T10:28:14,5900.0,21.8,S
2021-06-23T10:27:15,1700.0,21.8,B
2021-06-23T10:26:54,100.0,21.8,B
2021-06-23T10:26:18,1000.0,21.8,B
2021-06-23T10:25:55,2000.0,21.8,B
2021-06-23T10:25:47,1000.0,21.8,B
2021-06-23T10:25:40,1000.0,21.8,B
2021-06-23T10:24:43,700.0,21.8,B
2021-06-23T10:24:38,3000.0,21.8,S
2021-06-23T10:23:48,22000.0,21.8,S
2021-06-23T10:23:23,100.0,21.9,B
2021-06-23T10:23:15,300.0,21.9,B
2021-06-23T10:23:12,5000.0,21.8,S
2021-06-23T10:23:06,500.0,21.9,B
2021-06-23T10:22:39,100.0,21.9,B
2021-06-23T10:22:36,3000.0,21.8,S
2021-06-23T10:21:43,200.0,21.9,B
2021-06-23T10:21:22,500.0,21.8,S
2021-06-23T10:20:32,1000.0,21.8,S
2021-06-23T10:20:01,3500.0,21.8,S
2021-06-23T10:19:55,200.0,21.9,B
2021-06-23T10:19:30,6000.0,21.8,S
2021-06-23T10:18:59,100.0,21.8,S
2021-06-23T10:18:33,1000.0,21.8,S
2021-06-23T10:18:09,2300.0,21.9,B
2021-06-23T10:16:48,600.0,21.9,B
2021-06-23T10:16:42,1000.0,21.8,S
2021-06-23T10:16:27,1000.0,21.9,B
2021-06-23T10:15:38,800.0,21.9,B
2021-06-23T10:15:01,100.0,21.9,B
2021-06-23T10:14:14,900.0,21.8,S
2021-06-23T10:13:58,500.0,21.9,B
2021-06-23T10:13:45,600.0,21.9,B
2021-06-23T10:11:49,200.0,21.8,S
2021-06-23T10:11:27,100.0,21.9,B
2021-06-23T10:11:21,500.0,21.8,S
2021-06-23T10:10:27,300.0,21.8,B
2021-06-23T10:10:20,1000.0,21.8,B
2021-06-23T10:09:59,5000.0,21.8,B
2021-06-23T10:09:39,2000.0,21.8,B
2021-06-23T10:09:38,1000.0,21.8,B
2021-06-23T10:09:18,1500.0,21.8,B
2021-06-23T10:08:53,500.0,21.7,S
2021-06-23T10:08:19,2500.0,21.7,S
2021-06-23T10:08:15,200.0,21.8,B
2021-06-23T10:08:12,300.0,21.7,S
2021-06-23T10:08:07,100.0,21.7,S
2021-06-23T10:07:44,1000.0,21.8,B
2021-06-23T10:07:25,5500.0,21.8,B
2021-06-23T10:07:20,200.0,21.8,B
2021-06-23T10:05:01,1000.0,21.8,B
2021-06-23T10:04:32,200.0,21.8,B
2021-06-23T10:04:29,1500.0,21.8,B
2021-06-23T10:03:55,500.0,21.8,B
2021-06-23T10:03:39,3800.0,21.8,B
2021-06-23T10:03:33,500.0,21.9,B
2021-06-23T10:02:51,500.0,21.9,B
2021-06-23T10:02:48,100.0,21.8,S
2021-06-23T10:02:27,5000.0,21.8,S
2021-06-23T10:02:02,100.0,21.9,B
2021-06-23T10:01:58,5000.0,21.8,S
2021-06-23T10:01:55,500.0,21.9,B
2021-06-23T10:01:44,100.0,21.9,B
2021-06-23T10:01:10,400.0,21.9,B
2021-06-23T10:01:03,500.0,21.9,B
2021-06-23T10:00:59,2000.0,21.9,B
2021-06-23T10:00:56,200.0,21.9,B
2021-06-23T10:00:50,500.0,21.9,B
2021-06-23T10:00:29,200.0,21.9,B
2021-06-23T10:00:19,300.0,21.8,S
2021-06-23T10:00:06,1000.0,21.8,S
2021-06-23T09:59:55,2000.0,21.8,S
2021-06-23T09:59:52,300.0,21.8,S
2021-06-23T09:58:42,20200.0,21.8,B
2021-06-23T09:58:30,3400.0,21.8,B
2021-06-23T09:58:14,500.0,21.8,B
2021-06-23T09:56:53,5000.0,21.7,S
2021-06-23T09:56:28,100.0,21.8,B
2021-06-23T09:56:20,15000.0,21.7,S
2021-06-23T09:55:56,300.0,21.7,S
2021-06-23T09:55:15,4300.0,21.8,S
2021-06-23T09:55:07,30000.0,21.8,S
2021-06-23T09:53:15,7000.0,21.8,S
2021-06-23T09:52:22,700.0,21.8,S
2021-06-23T09:52:20,100.0,21.9,B
2021-06-23T09:52:04,500.0,21.9,B
2021-06-23T09:51:18,900.0,21.9,S
2021-06-23T09:50:57,500.0,21.9,S
2021-06-23T09:50:36,5000.0,22.0,B
2021-06-23T09:50:35,200.0,21.9,S
2021-06-23T09:50:13,100.0,21.9,S
2021-06-23T09:50:04,200.0,21.9,S
2021-06-23T09:50:03,100.0,21.9,S
2021-06-23T09:49:20,2000.0,21.9,S
2021-06-23T09:49:01,100.0,21.9,S
2021-06-23T09:48:45,2000.0,21.9,S
2021-06-23T09:48:11,200.0,21.9,B
2021-06-23T09:48:01,1000.0,21.9,B
2021-06-23T09:47:54,500.0,21.9,B
2021-06-23T09:47:52,200.0,21.9,B
2021-06-23T09:47:48,100.0,21.9,B
2021-06-23T09:47:43,1000.0,21.9,B
2021-06-23T09:47:36,1000.0,21.9,B
2021-06-23T09:47:06,1400.0,21.9,B
2021-06-23T09:46:50,1000.0,21.9,B
2021-06-23T09:46:48,200.0,21.9,B
2021-06-23T09:46:30,100.0,21.9,B
2021-06-23T09:45:48,500.0,21.9,B
2021-06-23T09:45:33,2000.0,21.9,B
2021-06-23T09:44:59,100.0,21.9,B
2021-06-23T09:43:41,600.0,21.9,B
2021-06-23T09:43:24,100.0,21.9,B
2021-06-23T09:43:14,500.0,21.9,B
2021-06-23T09:43:08,100.0,21.9,B
2021-06-23T09:42:37,5000.0,21.8,S
2021-06-23T09:42:13,500.0,21.8,S
2021-06-23T09:41:59,600.0,21.8,S
2021-06-23T09:41:28,500.0,21.8,S
2021-06-23T09:40:53,500.0,21.8,S
2021-06-23T09:40:28,6500.0,21.8,S
2021-06-23T09:40:15,1000.0,21.8,S
2021-06-23T09:40:00,100.0,21.8,S
2021-06-23T09:39:56,9000.0,21.8,S
2021-06-23T09:39:51,800.0,21.8,S
2021-06-23T09:39:22,10000.0,21.8,S
2021-06-23T09:38:52,1000.0,21.8,S
2021-06-23T09:38:16,12300.0,21.9,B
2021-06-23T09:37:09,500.0,22.0,B
2021-06-23T09:36:59,1000.0,22.0,B
2021-06-23T09:36:48,600.0,22.0,B
2021-06-23T09:36:40,2000.0,22.0,B
2021-06-23T09:36:20,6000.0,21.9,S
2021-06-23T09:36:19,500.0,22.0,B
2021-06-23T09:36:08,2000.0,22.0,B
2021-06-23T09:36:01,200.0,22.0,B
2021-06-23T09:34:59,100.0,22.0,B
2021-06-23T09:34:23,100.0,22.0,B
2021-06-23T09:34:20,300.0,21.9,S
2021-06-23T09:33:45,200.0,22.0,B
2021-06-23T09:33:14,100.0,21.9,S
2021-06-23T09:33:00,200.0,21.9,S
2021-06-23T09:32:55,500.0,21.9,B
2021-06-23T09:32:52,400.0,21.9,B
2021-06-23T09:32:49,100.0,21.9,B
2021-06-23T09:32:48,300.0,21.9,S
2021-06-23T09:32:29,1000.0,21.9,S
2021-06-23T09:32:22,500.0,21.9,S
2021-06-23T09:32:17,100.0,21.9,S
2021-06-23T09:31:59,300.0,21.9,S
2021-06-23T09:31:52,1000.0,21.9,B
2021-06-23T09:31:52,500.0,21.9,B
2021-06-23T09:31:50,1900.0,21.8,S
2021-06-23T09:31:39,100.0,21.9,B
2021-06-23T09:31:23,500.0,21.9,B
2021-06-23T09:30:54,1000.0,21.9,B
2021-06-23T09:30:38,100.0,21.9,B
2021-06-23T09:30:24,100.0,21.9,B
2021-06-23T09:30:16,4300.0,21.9,S
2021-06-23T09:29:54,5000.0,21.9,S
2021-06-23T09:29:46,400.0,22.0,S
2021-06-23T09:29:31,9000.0,22.0,S
2021-06-23T09:28:48,4600.0,22.0,S
2021-06-23T09:28:42,5700.0,22.1,B
2021-06-23T09:27:38,5000.0,22.0,S
2021-06-23T09:27:27,100.0,22.0,S
2021-06-23T09:27:06,5000.0,22.0,S
2021-06-23T09:26:55,800.0,22.0,S
2021-06-23T09:26:08,2500.0,22.1,B
2021-06-23T09:25:54,300.0,22.0,S
2021-06-23T09:24:41,1800.0,22.1,B
2021-06-23T09:24:38,1000.0,22.1,S
2021-06-23T09:24:09,1000.0,22.1,S
2021-06-23T09:24:02,700.0,22.1,S
2021-06-23T09:23:02,500.0,22.1,S
2021-06-23T09:22:59,900.0,22.1,S
2021-06-23T09:22:15,7100.0,22.1,S
2021-06-23T09:22:07,200.0,22.2,B
2021-06-23T09:22:00,2000.0,22.2,B
2021-06-23T09:21:33,600.0,22.1,S
2021-06-23T09:21:13,500.0,22.2,B
2021-06-23T09:21:07,3500.0,22.2,B
2021-06-23T09:20:45,100.0,22.2,B
2021-06-23T09:20:38,100.0,22.2,B
2021-06-23T09:20:13,300.0,22.2,B
2021-06-23T09:20:07,100.0,22.2,B
2021-06-23T09:20:01,2000.0,22.2,B
2021-06-23T09:19:50,1700.0,22.2,B
2021-06-23T09:19:50,1000.0,22.2,B
2021-06-23T09:19:44,100.0,22.2,B
2021-06-23T09:19:32,500.0,22.2,B
2021-06-23T09:19:20,3000.0,22.1,B
2021-06-23T09:19:15,1000.0,22.0,S
2021-06-23T09:19:12,300.0,22.1,B
2021-06-23T09:19:10,1500.0,22.1,B
2021-06-23T09:19:08,2000.0,22.1,B
2021-06-23T09:19:03,1000.0,22.1,B
2021-06-23T09:18:49,500.0,22.1,B
2021-06-23T09:18:41,500.0,22.1,B
2021-06-23T09:18:32,1000.0,22.1,B
2021-06-23T09:18:21,1000.0,22.1,B
2021-06-23T09:17:58,1000.0,22.0,S
2021-06-23T09:17:19,100.0,22.0,S
2021-06-23T09:14:51,300.0,22.0,S
2021-06-23T09:14:29,2800.0,22.0,S
2021-06-23T09:14:17,2000.0,22.1,B
2021-06-23T09:14:06,8100.0,22.0,S
2021-06-23T09:13:07,2000.0,22.1,B
2021-06-23T09:12:39,200.0,22.0,S
2021-06-23T09:12:30,900.0,22.0,B
2021-06-23T09:12:20,300.0,22.0,B
2021-06-23T09:12:11,3800.0,22.0,S
2021-06-23T09:12:02,100.0,22.0,S
2021-06-23T09:11:39,1100.0,22.0,B
2021-06-23T09:11:38,500.0,22.0,B
2021-06-23T09:11:27,300.0,22.0,B
2021-06-23T09:11:16,3000.0,22.0,B
2021-06-23T09:11:15,100.0,22.0,B
2021-06-23T09:11:03,400.0,22.0,B
2021-06-23T09:11:00,200.0,22.0,B
2021-06-23T09:10:30,500.0,22.0,B
2021-06-23T09:10:16,1000.0,22.0,B
2021-06-23T09:10:08,1000.0,22.0,B
2021-06-23T09:09:53,1500.0,22.0,B
2021-06-23T09:09:44,100.0,22.0,B
2021-06-23T09:09:36,100.0,22.0,B
2021-06-23T09:09:20,100.0,22.0,B
2021-06-23T09:09:19,1000.0,22.0,S
2021-06-23T09:09:19,3100.0,22.0,S
2021-06-23T09:09:11,1000.0,22.0,S
2021-06-23T09:09:02,400.0,22.0,S
2021-06-23T09:09:01,500.0,22.0,S
2021-06-23T09:08:58,3100.0,22.0,S
2021-06-23T09:08:58,1100.0,22.0,S
2021-06-23T09:08:43,10000.0,22.0,S
2021-06-23T09:08:29,200.0,22.0,S
2021-06-23T09:08:23,1400.0,22.0,S
2021-06-23T09:08:20,1000.0,22.0,S
2021-06-23T09:08:19,1000.0,22.0,S
2021-06-23T09:08:11,5000.0,22.0,S
2021-06-23T09:08:02,100.0,22.1,B
2021-06-23T09:08:00,100.0,22.1,B
2021-06-23T09:07:42,1000.0,22.0,S
2021-06-23T09:07:22,1100.0,22.1,B
2021-06-23T09:07:16,4000.0,22.1,B
2021-06-23T09:07:14,500.0,22.0,S
2021-06-23T09:07:11,500.0,22.1,B
2021-06-23T09:07:10,100.0,22.1,B
2021-06-23T09:06:56,1000.0,22.1,B
2021-06-23T09:06:50,100.0,22.1,B
2021-06-23T09:06:48,1000.0,22.1,B
2021-06-23T09:06:47,4900.0,22.1,S
2021-06-23T09:06:34,100.0,22.2,B
2021-06-23T09:06:24,400.0,22.1,S
2021-06-23T09:06:22,100.0,22.1,S
2021-06-23T09:06:01,100.0,22.2,B
2021-06-23T09:05:44,100.0,22.2,B
2021-06-23T09:05:15,1000.0,22.2,B
2021-06-23T09:05:14,700.0,22.2,B
2021-06-23T09:05:05,200.0,22.1,S
2021-06-23T09:04:54,100.0,22.2,B
2021-06-23T09:04:42,100.0,22.2,B
2021-06-23T09:04:41,500.0,22.1,S
2021-06-23T09:04:33,100.0,22.2,B
2021-06-23T09:04:28,2000.0,22.2,B
2021-06-23T09:04:19,200.0,22.2,B
2021-06-23T09:04:03,100.0,22.2,B
2021-06-23T09:03:46,5000.0,22.3,B
2021-06-23T09:02:47,5000.0,22.3,B
2021-06-23T09:02:22,100.0,22.3,B
2021-06-23T09:02:19,100.0,22.2,S
2021-06-23T09:01:21,100.0,22.3,B
2021-06-23T09:00:58,1000.0,22.3,B
2021-06-23T09:00:58,500.0,22.3,B
2021-06-23T09:00:46,8400.0,22.0,S
2021-06-23T09:00:32,200.0,22.3,B
2021-06-23T09:00:18,100.0,22.3,B
2021-06-23T09:00:16,100.0,22.3,B
2021-06-23T09:00:06,500.0,22.2,S
