tradingTime,volume,price,side
2021-06-23T14:20:34,2000.0,170.0,S
2021-06-23T14:19:41,100.0,170.0,S
2021-06-23T14:18:26,2500.0,170.0,S
2021-06-23T14:18:25,500.0,170.0,S
2021-06-23T14:18:23,800.0,170.0,S
2021-06-23T14:18:23,3200.0,170.0,S
2021-06-23T14:17:51,3500.0,170.0,S
2021-06-23T14:17:33,2700.0,170.0,S
2021-06-23T14:16:47,300.0,170.1,B
2021-06-23T14:13:25,3000.0,170.0,S
2021-06-23T14:12:32,2700.0,170.1,S
2021-06-23T14:12:24,500.0,170.3,S
2021-06-23T14:11:21,400.0,170.3,B
2021-06-23T14:08:18,200.0,170.2,S
2021-06-23T14:04:38,1000.0,170.2,S
2021-06-23T14:04:02,100.0,170.2,S
2021-06-23T14:03:50,200.0,170.2,S
2021-06-23T14:03:23,200.0,170.2,S
2021-06-23T14:01:52,1000.0,170.2,S
2021-06-23T14:01:24,1300.0,170.5,S
2021-06-23T14:00:51,2200.0,170.5,S
2021-06-23T14:00:21,100.0,170.5,S
2021-06-23T13:58:03,100.0,170.5,S
2021-06-23T13:57:59,500.0,170.5,S
2021-06-23T13:57:39,100.0,170.5,S
2021-06-23T13:57:10,500.0,170.5,S
2021-06-23T13:54:21,1400.0,170.5,S
2021-06-23T13:52:37,1100.0,170.2,S
2021-06-23T13:52:35,900.0,170.5,S
2021-06-23T13:50:59,1000.0,170.5,B
2021-06-23T13:50:59,2500.0,170.5,B
2021-06-23T13:48:16,100.0,170.5,B
2021-06-23T13:36:08,1600.0,170.5,B
2021-06-23T13:36:08,1400.0,170.3,B
2021-06-23T13:35:33,200.0,170.1,S
2021-06-23T13:34:52,800.0,170.1,B
2021-06-23T13:34:16,100.0,170.1,B
2021-06-23T13:34:10,400.0,170.1,B
2021-06-23T13:34:04,100.0,170.1,B
2021-06-23T13:33:51,400.0,170.1,B
2021-06-23T13:33:40,100.0,170.1,B
2021-06-23T13:33:36,100.0,170.0,S
2021-06-23T13:33:18,100.0,170.1,B
2021-06-23T13:33:12,300.0,170.1,B
2021-06-23T13:32:47,200.0,170.1,B
2021-06-23T13:32:35,100.0,170.1,B
2021-06-23T13:32:02,200.0,170.1,B
2021-06-23T13:31:54,700.0,170.0,S
2021-06-23T13:31:47,100.0,170.1,B
2021-06-23T13:31:34,100.0,170.0,S
2021-06-23T13:31:08,200.0,170.0,S
2021-06-23T13:30:03,1600.0,170.0,B
2021-06-23T13:29:56,100.0,170.0,B
2021-06-23T13:29:04,500.0,169.9,S
2021-06-23T13:28:36,900.0,170.0,B
2021-06-23T13:26:44,1400.0,170.0,B
2021-06-23T13:26:44,200.0,170.0,B
2021-06-23T13:23:59,500.0,170.0,B
2021-06-23T13:23:59,1700.0,170.0,B
2021-06-23T13:23:59,2800.0,170.0,B
2021-06-23T13:23:09,1100.0,170.0,B
2021-06-23T13:23:09,600.0,170.0,B
2021-06-23T13:23:08,500.0,169.9,B
2021-06-23T13:22:05,100.0,169.3,S
2021-06-23T13:21:10,300.0,169.3,S
2021-06-23T13:19:34,2100.0,170.0,B
2021-06-23T13:17:49,300.0,170.0,S
2021-06-23T13:17:33,3000.0,170.0,S
2021-06-23T13:16:39,500.0,170.0,S
2021-06-23T13:16:38,100.0,170.0,S
2021-06-23T13:16:22,100.0,170.0,S
2021-06-23T13:15:52,500.0,170.0,S
2021-06-23T13:14:18,100.0,170.1,B
2021-06-23T13:12:52,1000.0,170.0,S
2021-06-23T13:12:19,300.0,170.0,B
2021-06-23T13:12:07,100.0,170.0,B
2021-06-23T13:09:48,3000.0,170.0,B
2021-06-23T13:08:41,2100.0,170.0,B
2021-06-23T13:07:03,900.0,170.0,B
2021-06-23T13:05:36,900.0,170.0,B
2021-06-23T13:05:25,900.0,170.0,B
2021-06-23T13:05:00,2200.0,170.0,B
2021-06-23T13:01:29,900.0,170.0,B
2021-06-23T13:01:29,500.0,170.0,B
2021-06-23T13:01:29,800.0,170.0,B
2021-06-23T13:00:08,100.0,170.0,B
2021-06-23T13:00:08,400.0,170.0,B
2021-06-23T11:27:51,700.0,170.0,B
2021-06-23T11:27:51,1300.0,170.0,B
2021-06-23T11:26:33,300.0,169.2,S
2021-06-23T11:25:45,100.0,169.2,S
2021-06-23T11:25:38,200.0,169.1,S
2021-06-23T11:24:26,1000.0,170.0,B
2021-06-23T11:24:09,2000.0,170.0,B
2021-06-23T11:21:01,1000.0,170.0,B
2021-06-23T11:19:00,500.0,169.1,S
2021-06-23T11:17:16,1000.0,170.0,S
2021-06-23T11:14:59,500.0,169.1,S
2021-06-23T11:14:31,900.0,170.0,S
2021-06-23T11:13:23,100.0,170.0,B
2021-06-23T11:11:50,1300.0,170.0,B
2021-06-23T11:10:46,1000.0,170.0,B
2021-06-23T11:09:48,500.0,170.0,B
2021-06-23T11:08:55,2200.0,170.0,B
2021-06-23T11:06:15,3900.0,170.0,S
2021-06-23T11:06:12,500.0,170.0,S
2021-06-23T11:06:03,100.0,170.0,S
2021-06-23T11:05:48,500.0,170.0,S
2021-06-23T11:01:44,200.0,170.0,S
2021-06-23T11:01:37,500.0,170.0,S
2021-06-23T11:01:17,200.0,170.0,S
2021-06-23T10:56:43,5000.0,170.0,B
2021-06-23T10:56:20,100.0,170.0,B
2021-06-23T10:56:16,400.0,170.0,B
2021-06-23T10:53:58,3000.0,170.0,S
2021-06-23T10:53:58,7500.0,170.0,S
2021-06-23T10:53:06,500.0,170.2,S
2021-06-23T10:51:01,1000.0,170.0,S
2021-06-23T10:50:01,100.0,170.0,S
2021-06-23T10:46:34,100.0,170.0,S
2021-06-23T10:46:32,200.0,170.0,S
2021-06-23T10:46:26,300.0,170.0,S
2021-06-23T10:46:06,200.0,170.0,S
2021-06-23T10:45:38,500.0,170.0,S
2021-06-23T10:41:06,200.0,170.0,S
2021-06-23T10:41:02,200.0,170.0,S
2021-06-23T10:40:58,200.0,170.0,S
2021-06-23T10:40:52,200.0,170.0,S
2021-06-23T10:37:07,500.0,170.0,S
2021-06-23T10:33:46,200.0,170.0,S
2021-06-23T10:33:30,200.0,170.0,S
2021-06-23T10:33:13,100.0,170.0,S
2021-06-23T10:32:52,100.0,170.0,S
2021-06-23T10:31:59,1000.0,170.0,S
2021-06-23T10:29:49,500.0,170.0,S
2021-06-23T10:28:57,200.0,170.0,S
2021-06-23T10:28:51,200.0,170.0,S
2021-06-23T10:24:57,400.0,170.0,S
2021-06-23T10:22:16,100.0,170.0,S
2021-06-23T10:21:40,500.0,170.0,B
2021-06-23T10:21:15,3500.0,170.0,S
2021-06-23T10:19:05,2000.0,170.5,B
2021-06-23T10:19:00,500.0,170.0,S
2021-06-23T10:18:50,500.0,170.0,S
2021-06-23T10:16:50,1000.0,170.0,B
2021-06-23T10:11:59,500.0,170.0,S
2021-06-23T10:10:23,6000.0,170.0,S
2021-06-23T10:10:12,5000.0,170.0,S
2021-06-23T10:10:00,200.0,170.0,S
2021-06-23T10:09:39,2000.0,170.0,S
2021-06-23T10:09:35,3000.0,170.0,S
2021-06-23T10:07:48,200.0,171.0,S
2021-06-23T10:06:35,200.0,171.0,S
2021-06-23T10:06:31,200.0,171.0,B
2021-06-23T10:06:23,100.0,171.0,B
2021-06-23T10:05:58,100.0,171.0,B
2021-06-23T10:05:39,3000.0,170.0,S
2021-06-23T10:03:49,100.0,171.0,B
2021-06-23T10:01:10,700.0,171.0,B
2021-06-23T10:01:10,400.0,171.0,B
2021-06-23T10:01:10,100.0,171.0,B
2021-06-23T10:01:10,800.0,171.0,B
2021-06-23T10:01:10,500.0,170.9,B
2021-06-23T09:59:26,1000.0,171.0,B
2021-06-23T09:57:50,300.0,170.9,B
2021-06-23T09:57:49,400.0,170.9,B
2021-06-23T09:57:49,500.0,170.5,B
2021-06-23T09:57:49,200.0,170.5,B
2021-06-23T09:57:33,500.0,170.0,S
2021-06-23T09:54:38,200.0,170.1,S
2021-06-23T09:53:20,100.0,170.1,S
2021-06-23T09:52:26,400.0,170.1,S
2021-06-23T09:52:23,300.0,170.1,S
2021-06-23T09:50:51,500.0,170.1,S
2021-06-23T09:49:55,100.0,170.1,S
2021-06-23T09:49:24,200.0,170.1,S
2021-06-23T09:49:19,200.0,170.1,S
2021-06-23T09:45:58,500.0,170.0,S
2021-06-23T09:42:43,100.0,170.0,S
2021-06-23T09:40:47,100.0,170.0,S
2021-06-23T09:40:38,100.0,170.0,S
2021-06-23T09:40:30,100.0,170.0,S
2021-06-23T09:39:46,100.0,170.0,S
2021-06-23T09:39:40,200.0,170.0,S
2021-06-23T09:39:26,100.0,170.0,B
2021-06-23T09:39:12,200.0,170.0,B
2021-06-23T09:38:38,100.0,170.0,B
2021-06-23T09:38:38,2000.0,170.0,B
2021-06-23T09:38:38,700.0,170.0,B
2021-06-23T09:38:37,3000.0,169.9,B
2021-06-23T09:34:28,9500.0,168.0,S
2021-06-23T09:31:47,500.0,168.8,S
2021-06-23T09:30:41,300.0,170.0,B
2021-06-23T09:28:22,200.0,168.8,B
2021-06-23T09:28:22,100.0,168.8,B
2021-06-23T09:26:35,200.0,168.0,B
2021-06-23T09:25:49,300.0,168.0,B
2021-06-23T09:21:08,100.0,167.5,B
2021-06-23T09:20:34,100.0,167.5,B
2021-06-23T09:20:34,100.0,167.5,B
2021-06-23T09:20:07,200.0,167.5,B
2021-06-23T09:17:12,200.0,167.2,S
2021-06-23T09:17:05,200.0,167.2,S
