tradingTime,volume,price,side
2021-06-23T14:23:08,100.0,50.0,S
2021-06-23T14:23:07,500.0,50.1,B
2021-06-23T14:22:50,700.0,50.0,S
2021-06-23T14:22:49,200.0,50.0,S
2021-06-23T14:22:47,100.0,50.0,S
2021-06-23T14:22:45,300.0,50.0,S
2021-06-23T14:22:44,2500.0,50.0,S
2021-06-23T14:22:44,100.0,50.0,S
2021-06-23T14:22:42,300.0,50.0,S
2021-06-23T14:22:34,700.0,50.0,S
2021-06-23T14:22:32,1000.0,50.0,S
2021-06-23T14:22:28,400.0,50.0,S
2021-06-23T14:22:25,100.0,50.0,S
2021-06-23T14:22:19,300.0,50.0,S
2021-06-23T14:22:15,1100.0,50.0,B
2021-06-23T14:22:15,1600.0,50.0,B
2021-06-23T14:22:15,6000.0,50.0,B
2021-06-23T14:22:14,5700.0,50.0,B
2021-06-23T14:22:12,1000.0,50.0,B
2021-06-23T14:22:10,2000.0,50.0,B
2021-06-23T14:21:59,300.0,50.0,B
2021-06-23T14:21:59,200.0,50.0,B
2021-06-23T14:21:59,1800.0,50.0,B
2021-06-23T14:21:59,700.0,50.0,B
2021-06-23T14:21:58,2000.0,50.0,B
2021-06-23T14:21:58,100.0,50.0,B
2021-06-23T14:21:58,1000.0,50.0,B
2021-06-23T14:21:58,1200.0,50.0,B
2021-06-23T14:21:58,100.0,50.0,B
2021-06-23T14:21:58,1800.0,50.0,B
2021-06-23T14:21:58,1100.0,50.0,B
2021-06-23T14:21:58,400.0,50.0,B
2021-06-23T14:21:58,700.0,50.0,B
2021-06-23T14:21:58,800.0,50.0,B
2021-06-23T14:21:58,7800.0,50.0,B
2021-06-23T14:21:56,500.0,50.0,B
2021-06-23T14:21:53,100.0,50.0,B
2021-06-23T14:21:53,900.0,50.0,B
2021-06-23T14:21:42,100.0,50.0,B
2021-06-23T14:21:36,400.0,50.0,B
2021-06-23T14:21:30,300.0,50.0,B
2021-06-23T14:21:25,1000.0,50.0,B
2021-06-23T14:21:25,1000.0,50.0,B
2021-06-23T14:21:21,300.0,50.0,B
2021-06-23T14:21:10,400.0,50.0,B
2021-06-23T14:21:04,1000.0,50.0,B
2021-06-23T14:20:45,1100.0,50.0,B
2021-06-23T14:20:45,1100.0,50.0,B
2021-06-23T14:20:45,2800.0,50.0,B
2021-06-23T14:20:39,700.0,50.0,B
2021-06-23T14:20:39,19300.0,50.0,B
2021-06-23T14:20:24,800.0,50.0,B
2021-06-23T14:20:21,700.0,49.95,S
2021-06-23T14:20:17,2000.0,49.95,S
2021-06-23T14:20:16,100.0,50.0,B
2021-06-23T14:20:13,200.0,50.0,B
2021-06-23T14:20:12,1000.0,50.0,B
2021-06-23T14:20:01,500.0,49.95,S
2021-06-23T14:19:47,1800.0,50.0,B
2021-06-23T14:19:45,400.0,50.0,B
2021-06-23T14:19:35,1700.0,49.95,S
2021-06-23T14:19:10,30000.0,50.0,B
2021-06-23T14:18:58,500.0,49.95,S
2021-06-23T14:18:35,500.0,49.95,S
2021-06-23T14:18:35,1100.0,50.0,B
2021-06-23T14:18:24,100.0,49.95,S
2021-06-23T14:17:56,300.0,49.95,S
2021-06-23T14:17:49,100.0,50.0,B
2021-06-23T14:17:41,2000.0,50.0,B
2021-06-23T14:17:41,7600.0,50.0,B
2021-06-23T14:17:30,1000.0,50.0,B
2021-06-23T14:17:15,500.0,50.0,B
2021-06-23T14:17:13,100.0,50.0,B
2021-06-23T14:17:12,1000.0,50.0,B
2021-06-23T14:17:09,2000.0,49.95,S
2021-06-23T14:17:08,300.0,50.0,B
2021-06-23T14:16:32,5000.0,49.95,S
2021-06-23T14:16:30,100.0,49.95,S
2021-06-23T14:16:30,900.0,49.95,S
2021-06-23T14:16:27,500.0,50.0,B
2021-06-23T14:16:09,3000.0,49.95,S
2021-06-23T14:16:09,5000.0,50.0,B
2021-06-23T14:16:06,2000.0,50.0,B
2021-06-23T14:15:56,400.0,49.95,S
2021-06-23T14:15:55,700.0,50.0,B
2021-06-23T14:15:55,7300.0,50.0,B
2021-06-23T14:15:46,3500.0,50.0,B
2021-06-23T14:15:42,200.0,50.0,B
2021-06-23T14:15:42,3500.0,50.0,B
2021-06-23T14:15:32,300.0,49.95,S
2021-06-23T14:15:22,5000.0,50.0,B
2021-06-23T14:15:19,100.0,49.95,S
2021-06-23T14:15:18,300.0,49.95,S
2021-06-23T14:15:18,5000.0,49.95,S
2021-06-23T14:15:07,200.0,49.95,S
2021-06-23T14:15:04,200.0,49.95,S
2021-06-23T14:14:34,100.0,49.95,S
2021-06-23T14:14:19,5000.0,49.95,S
2021-06-23T14:14:12,300.0,49.95,S
2021-06-23T14:14:10,500.0,49.95,S
2021-06-23T14:14:09,800.0,50.0,B
2021-06-23T14:13:47,500.0,50.0,B
2021-06-23T14:13:37,200.0,49.95,S
2021-06-23T14:13:02,300.0,49.95,S
2021-06-23T14:12:55,100.0,49.95,S
2021-06-23T14:12:48,400.0,50.0,B
2021-06-23T14:12:41,200.0,49.95,S
2021-06-23T14:12:32,2000.0,49.95,S
2021-06-23T14:12:32,1200.0,50.0,B
2021-06-23T14:12:32,400.0,50.0,B
2021-06-23T14:12:32,1400.0,50.0,B
2021-06-23T14:12:17,800.0,50.0,B
2021-06-23T14:12:16,3000.0,49.95,S
2021-06-23T14:11:35,400.0,49.95,S
2021-06-23T14:11:34,400.0,50.0,B
2021-06-23T14:11:18,100.0,50.0,B
2021-06-23T14:11:01,500.0,50.0,B
2021-06-23T14:11:01,500.0,50.0,B
2021-06-23T14:10:58,500.0,50.0,B
2021-06-23T14:10:47,5000.0,50.0,B
2021-06-23T14:10:36,400.0,49.95,S
2021-06-23T14:10:36,300.0,50.0,B
2021-06-23T14:10:26,2000.0,50.0,B
2021-06-23T14:10:10,1200.0,50.0,B
2021-06-23T14:10:02,100.0,49.95,S
2021-06-23T14:09:45,2200.0,50.0,B
2021-06-23T14:09:33,400.0,50.0,B
2021-06-23T14:09:00,5000.0,49.9,S
2021-06-23T14:08:59,400.0,49.95,B
2021-06-23T14:08:54,200.0,49.95,B
2021-06-23T14:08:51,1000.0,49.95,B
2021-06-23T14:08:49,500.0,49.95,B
2021-06-23T14:08:48,400.0,49.95,B
2021-06-23T14:08:45,10000.0,49.95,B
2021-06-23T14:08:39,200.0,49.95,B
2021-06-23T14:08:23,200.0,49.95,B
2021-06-23T14:08:22,500.0,49.95,B
2021-06-23T14:08:18,300.0,49.9,S
2021-06-23T14:08:17,500.0,49.95,B
2021-06-23T14:08:17,200.0,49.9,S
2021-06-23T14:08:11,1000.0,49.95,B
2021-06-23T14:08:06,100.0,49.9,S
2021-06-23T14:08:04,100.0,49.9,S
2021-06-23T14:08:02,200.0,49.95,B
2021-06-23T14:07:56,1000.0,49.95,B
2021-06-23T14:07:54,400.0,49.95,B
2021-06-23T14:07:47,2000.0,49.9,S
2021-06-23T14:07:32,1000.0,49.95,B
2021-06-23T14:07:17,2500.0,49.9,S
2021-06-23T14:07:17,3000.0,49.9,S
2021-06-23T14:07:17,9500.0,49.9,S
2021-06-23T14:07:17,4600.0,49.9,S
2021-06-23T14:07:17,400.0,49.9,S
2021-06-23T14:06:47,100.0,49.95,B
2021-06-23T14:06:47,1900.0,49.95,B
2021-06-23T14:06:22,2000.0,49.9,S
2021-06-23T14:06:14,4600.0,49.95,B
2021-06-23T14:06:09,300.0,49.95,B
2021-06-23T14:06:01,400.0,49.95,B
2021-06-23T14:05:55,300.0,49.9,S
2021-06-23T14:05:54,500.0,49.95,B
2021-06-23T14:05:46,7000.0,49.95,B
2021-06-23T14:05:40,1000.0,49.95,B
2021-06-23T14:05:34,900.0,49.95,S
2021-06-23T14:05:23,300.0,49.95,S
2021-06-23T14:05:17,2000.0,49.95,S
2021-06-23T14:05:16,800.0,49.95,S
2021-06-23T14:05:14,1500.0,49.95,S
2021-06-23T14:05:13,400.0,50.0,B
2021-06-23T14:05:09,300.0,49.95,S
2021-06-23T14:05:06,3000.0,49.95,S
2021-06-23T14:05:06,7400.0,49.95,S
2021-06-23T14:05:02,400.0,49.95,S
2021-06-23T14:04:47,5000.0,49.95,S
2021-06-23T14:04:44,2000.0,49.95,S
2021-06-23T14:04:39,800.0,49.95,S
2021-06-23T14:04:32,800.0,49.95,S
2021-06-23T14:04:15,400.0,50.0,B
2021-06-23T14:03:56,2000.0,49.95,S
2021-06-23T14:03:55,200.0,49.95,S
2021-06-23T14:03:55,200.0,49.95,S
2021-06-23T14:03:44,200.0,49.95,S
2021-06-23T14:03:40,100.0,49.95,S
2021-06-23T14:03:34,300.0,49.95,S
2021-06-23T14:03:25,1000.0,49.95,S
2021-06-23T14:03:18,200.0,49.95,B
2021-06-23T14:02:22,2000.0,50.0,B
2021-06-23T14:02:10,500.0,49.95,S
2021-06-23T14:02:06,500.0,49.95,S
2021-06-23T14:01:59,300.0,50.0,B
2021-06-23T14:01:54,100.0,49.9,S
2021-06-23T14:01:40,1200.0,50.0,B
2021-06-23T14:01:39,800.0,49.9,S
2021-06-23T14:01:39,200.0,49.9,S
2021-06-23T14:01:38,5000.0,49.95,B
2021-06-23T14:01:37,3900.0,49.9,S
2021-06-23T14:01:37,200.0,49.95,B
2021-06-23T14:01:28,300.0,49.95,B
2021-06-23T14:01:15,400.0,49.95,S
2021-06-23T14:01:07,300.0,49.95,S
2021-06-23T14:01:01,200.0,49.95,S
2021-06-23T14:01:00,400.0,49.9,S
2021-06-23T14:01:00,300.0,49.9,S
2021-06-23T14:01:00,200.0,49.9,S
2021-06-23T14:01:00,4600.0,49.9,S
2021-06-23T14:01:00,4800.0,49.9,S
2021-06-23T14:01:00,21500.0,49.9,S
2021-06-23T14:01:00,1600.0,49.9,S
2021-06-23T14:01:00,2000.0,49.9,S
2021-06-23T14:01:00,1700.0,49.9,S
2021-06-23T14:01:00,600.0,49.9,S
2021-06-23T14:01:00,2000.0,49.9,S
2021-06-23T14:01:00,1600.0,49.9,S
2021-06-23T14:01:00,600.0,49.95,S
2021-06-23T14:01:00,200.0,49.95,S
2021-06-23T14:01:00,7900.0,49.95,S
2021-06-23T14:00:35,100.0,50.0,B
2021-06-23T14:00:28,3000.0,49.95,S
2021-06-23T14:00:20,300.0,49.95,S
2021-06-23T14:00:20,700.0,49.95,S
2021-06-23T14:00:19,500.0,49.95,S
2021-06-23T14:00:17,800.0,49.95,S
2021-06-23T14:00:05,600.0,50.0,B
2021-06-23T13:59:55,500.0,49.95,S
2021-06-23T13:59:52,2100.0,49.95,S
2021-06-23T13:59:52,1000.0,49.95,S
2021-06-23T13:59:52,1000.0,49.95,S
2021-06-23T13:59:52,5900.0,49.95,S
2021-06-23T13:59:35,100.0,50.0,B
2021-06-23T13:59:34,100.0,50.0,B
2021-06-23T13:59:10,100.0,50.0,B
2021-06-23T13:58:45,4600.0,50.0,S
2021-06-23T13:58:42,400.0,49.95,S
2021-06-23T13:58:40,100.0,50.0,S
2021-06-23T13:58:40,100.0,50.0,S
2021-06-23T13:58:40,400.0,50.0,S
2021-06-23T13:58:39,800.0,50.0,S
2021-06-23T13:58:37,600.0,50.0,S
2021-06-23T13:58:37,400.0,50.0,S
2021-06-23T13:58:37,1700.0,50.0,S
2021-06-23T13:58:37,500.0,50.0,S
2021-06-23T13:58:35,800.0,50.0,S
2021-06-23T13:58:34,2500.0,50.0,S
2021-06-23T13:58:33,100.0,50.0,S
2021-06-23T13:58:26,7000.0,50.0,S
2021-06-23T13:58:23,1000.0,50.0,S
2021-06-23T13:58:21,200.0,50.0,S
2021-06-23T13:58:09,10700.0,50.0,S
2021-06-23T13:58:09,400.0,50.0,S
2021-06-23T13:58:07,1800.0,50.0,S
2021-06-23T13:58:02,100.0,50.0,S
2021-06-23T13:58:01,1000.0,50.0,S
2021-06-23T13:58:00,700.0,50.0,S
2021-06-23T13:58:00,4100.0,50.0,S
2021-06-23T13:58:00,200.0,50.0,S
2021-06-23T13:58:00,500.0,50.0,S
2021-06-23T13:57:59,1100.0,50.0,S
2021-06-23T13:57:59,100.0,50.0,S
2021-06-23T13:57:56,3300.0,50.0,S
2021-06-23T13:57:56,6700.0,50.0,S
2021-06-23T13:57:55,300.0,50.0,S
2021-06-23T13:57:55,1400.0,50.0,S
2021-06-23T13:57:54,500.0,50.0,S
2021-06-23T13:57:41,5000.0,50.0,S
2021-06-23T13:57:41,2000.0,50.0,S
2021-06-23T13:57:39,2000.0,50.0,S
2021-06-23T13:57:38,2000.0,50.0,S
2021-06-23T13:57:35,300.0,50.0,S
2021-06-23T13:57:33,1000.0,50.0,S
2021-06-23T13:57:30,100.0,50.0,S
2021-06-23T13:57:27,1000.0,50.0,S
2021-06-23T13:57:27,1000.0,50.0,S
2021-06-23T13:57:27,400.0,50.0,S
2021-06-23T13:57:25,20000.0,50.0,S
2021-06-23T13:57:18,2200.0,50.0,S
2021-06-23T13:57:17,300.0,50.0,S
2021-06-23T13:56:53,300.0,50.0,S
2021-06-23T13:56:51,4000.0,50.0,S
2021-06-23T13:56:45,1000.0,50.0,S
2021-06-23T13:56:44,20000.0,50.0,S
2021-06-23T13:56:39,300.0,50.0,S
2021-06-23T13:56:36,200.0,50.1,B
2021-06-23T13:56:30,200.0,50.0,S
2021-06-23T13:56:25,5000.0,50.0,S
2021-06-23T13:56:19,100.0,50.0,S
2021-06-23T13:56:17,800.0,50.1,B
2021-06-23T13:56:15,6000.0,50.0,S
2021-06-23T13:55:57,800.0,50.0,S
2021-06-23T13:55:40,5000.0,50.1,B
2021-06-23T13:55:31,100.0,50.0,S
2021-06-23T13:55:19,100.0,50.1,B
2021-06-23T13:55:17,100.0,50.0,S
2021-06-23T13:55:10,800.0,50.0,S
2021-06-23T13:55:08,2300.0,50.1,B
2021-06-23T13:55:04,200.0,50.1,B
2021-06-23T13:54:59,100.0,50.1,B
2021-06-23T13:54:59,3000.0,50.1,B
2021-06-23T13:54:58,2500.0,50.1,S
2021-06-23T13:54:58,4600.0,50.1,S
2021-06-23T13:54:56,1000.0,50.1,S
2021-06-23T13:54:56,1000.0,50.0,S
2021-06-23T13:54:56,900.0,50.1,S
2021-06-23T13:54:51,100.0,50.1,S
2021-06-23T13:54:45,200.0,50.1,S
2021-06-23T13:54:44,600.0,50.1,S
2021-06-23T13:54:43,200.0,50.1,S
2021-06-23T13:54:43,800.0,50.1,S
2021-06-23T13:54:43,500.0,50.1,S
2021-06-23T13:54:37,1000.0,50.1,S
2021-06-23T13:54:32,4500.0,50.1,S
2021-06-23T13:54:32,2000.0,50.1,S
2021-06-23T13:54:29,1000.0,50.1,S
2021-06-23T13:54:24,200.0,50.1,S
2021-06-23T13:54:20,500.0,50.1,S
2021-06-23T13:54:17,900.0,50.1,S
2021-06-23T13:54:17,4600.0,50.1,S
2021-06-23T13:54:17,4500.0,50.1,S
2021-06-23T13:54:16,800.0,50.1,S
2021-06-23T13:54:13,300.0,50.1,S
2021-06-23T13:54:01,500.0,50.1,S
2021-06-23T13:54:01,4000.0,50.1,S
2021-06-23T13:54:00,3500.0,50.1,S
2021-06-23T13:53:44,200.0,50.1,S
2021-06-23T13:53:41,1300.0,50.1,S
2021-06-23T13:53:41,4100.0,50.1,S
2021-06-23T13:53:41,14600.0,50.1,S
2021-06-23T13:53:37,500.0,50.1,S
2021-06-23T13:53:30,100.0,50.1,S
2021-06-23T13:53:27,600.0,50.1,S
2021-06-23T13:53:16,500.0,50.1,S
2021-06-23T13:53:11,2000.0,50.1,S
2021-06-23T13:52:53,200.0,50.1,S
2021-06-23T13:52:51,1000.0,50.1,S
2021-06-23T13:52:41,500.0,50.1,S
2021-06-23T13:52:41,1000.0,50.1,S
2021-06-23T13:52:35,1000.0,50.1,S
2021-06-23T13:52:32,100.0,50.1,S
2021-06-23T13:52:10,10000.0,50.1,S
2021-06-23T13:52:09,100.0,50.1,S
2021-06-23T13:51:58,7200.0,50.1,S
2021-06-23T13:51:58,4700.0,50.1,S
2021-06-23T13:51:58,100.0,50.1,S
2021-06-23T13:51:58,900.0,50.1,S
2021-06-23T13:51:56,2100.0,50.1,S
2021-06-23T13:51:50,300.0,50.1,S
2021-06-23T13:51:47,500.0,50.2,B
2021-06-23T13:51:38,200.0,50.1,S
2021-06-23T13:51:38,1000.0,50.1,S
2021-06-23T13:51:18,1200.0,50.1,S
2021-06-23T13:51:14,1600.0,50.1,S
2021-06-23T13:51:10,200.0,50.1,S
2021-06-23T13:51:04,200.0,50.1,S
2021-06-23T13:50:38,5400.0,50.1,S
2021-06-23T13:50:38,5200.0,50.1,S
2021-06-23T13:50:38,900.0,50.1,S
2021-06-23T13:50:38,6700.0,50.1,S
2021-06-23T13:50:38,7400.0,50.1,S
2021-06-23T13:50:38,4400.0,50.1,S
2021-06-23T13:50:28,4200.0,50.2,B
2021-06-23T13:50:27,100.0,50.1,S
2021-06-23T13:50:20,500.0,50.1,S
2021-06-23T13:50:12,100.0,50.1,S
2021-06-23T13:49:44,2100.0,50.1,S
2021-06-23T13:49:24,200.0,50.1,S
2021-06-23T13:49:24,3100.0,50.2,B
2021-06-23T13:49:15,700.0,50.2,B
2021-06-23T13:49:15,100.0,50.2,B
2021-06-23T13:49:13,1000.0,50.2,B
2021-06-23T13:49:05,300.0,50.2,B
2021-06-23T13:49:05,500.0,50.2,B
2021-06-23T13:49:00,2200.0,50.2,B
2021-06-23T13:48:39,300.0,50.2,B
2021-06-23T13:48:30,4000.0,50.2,B
2021-06-23T13:48:28,1000.0,50.1,S
2021-06-23T13:47:52,100.0,50.2,B
2021-06-23T13:47:52,800.0,50.1,S
2021-06-23T13:47:48,1000.0,50.2,B
2021-06-23T13:47:46,5000.0,50.1,S
2021-06-23T13:47:37,1000.0,50.2,B
2021-06-23T13:47:26,800.0,50.1,S
2021-06-23T13:47:22,10000.0,50.2,B
2021-06-23T13:47:20,200.0,50.1,S
2021-06-23T13:47:18,200.0,50.2,B
2021-06-23T13:47:14,1000.0,50.2,B
2021-06-23T13:47:12,800.0,50.2,B
2021-06-23T13:47:08,1000.0,50.1,S
2021-06-23T13:47:05,200.0,50.2,B
2021-06-23T13:46:52,200.0,50.2,B
2021-06-23T13:46:49,100.0,50.1,S
2021-06-23T13:46:40,10000.0,50.2,B
2021-06-23T13:46:37,200.0,50.2,B
2021-06-23T13:46:26,6500.0,50.2,B
2021-06-23T13:46:26,600.0,50.2,B
2021-06-23T13:46:26,1100.0,50.2,B
2021-06-23T13:46:26,1800.0,50.2,B
2021-06-23T13:46:05,5000.0,50.2,B
2021-06-23T13:45:40,100.0,50.1,S
2021-06-23T13:45:37,100.0,50.1,S
2021-06-23T13:45:09,300.0,50.2,B
2021-06-23T13:45:03,800.0,50.2,B
2021-06-23T13:44:52,2000.0,50.1,S
2021-06-23T13:44:50,600.0,50.2,B
2021-06-23T13:44:37,100.0,50.2,B
2021-06-23T13:44:36,400.0,50.1,S
2021-06-23T13:44:34,2000.0,50.1,S
2021-06-23T13:44:28,300.0,50.1,S
2021-06-23T13:44:25,300.0,50.1,S
2021-06-23T13:44:08,6000.0,50.1,S
2021-06-23T13:43:58,100.0,50.2,B
2021-06-23T13:43:57,100.0,50.1,S
2021-06-23T13:43:56,100.0,50.1,S
2021-06-23T13:43:55,200.0,50.1,S
2021-06-23T13:43:51,600.0,50.2,B
2021-06-23T13:43:45,2000.0,50.1,B
2021-06-23T13:43:41,900.0,50.1,B
2021-06-23T13:43:36,10000.0,50.1,B
2021-06-23T13:43:34,1000.0,50.1,B
2021-06-23T13:43:34,300.0,50.1,B
2021-06-23T13:43:34,1000.0,50.1,B
2021-06-23T13:43:30,200.0,50.1,B
2021-06-23T13:43:27,1200.0,50.1,B
2021-06-23T13:43:27,1000.0,50.1,B
2021-06-23T13:43:27,1000.0,50.1,B
2021-06-23T13:43:27,5300.0,50.1,B
2021-06-23T13:43:27,100.0,50.1,B
2021-06-23T13:43:27,2100.0,50.1,B
2021-06-23T13:43:27,1300.0,50.1,B
2021-06-23T13:43:24,400.0,50.1,B
2021-06-23T13:43:19,34000.0,50.1,B
2021-06-23T13:43:07,1500.0,50.1,B
2021-06-23T13:42:59,11000.0,50.1,B
2021-06-23T13:42:51,100.0,50.0,S
2021-06-23T13:42:46,800.0,50.1,B
2021-06-23T13:42:42,700.0,50.0,S
2021-06-23T13:42:36,100.0,50.0,S
2021-06-23T13:42:20,500.0,50.0,S
2021-06-23T13:42:17,500.0,50.1,B
2021-06-23T13:42:16,2600.0,50.1,B
2021-06-23T13:42:11,100.0,50.1,B
2021-06-23T13:42:09,1100.0,50.1,B
2021-06-23T13:42:09,200.0,50.1,B
2021-06-23T13:42:08,500.0,50.1,B
2021-06-23T13:42:07,1200.0,50.1,B
2021-06-23T13:42:02,5000.0,50.0,S
2021-06-23T13:41:59,500.0,50.1,B
2021-06-23T13:41:57,400.0,50.1,B
2021-06-23T13:41:57,600.0,50.1,B
2021-06-23T13:41:57,5500.0,50.1,B
2021-06-23T13:41:57,1500.0,50.1,B
2021-06-23T13:41:56,2000.0,50.1,B
2021-06-23T13:41:50,2000.0,50.1,B
2021-06-23T13:41:46,2500.0,50.1,B
2021-06-23T13:41:46,300.0,50.1,B
2021-06-23T13:41:30,700.0,50.0,S
2021-06-23T13:41:27,200.0,50.1,B
2021-06-23T13:41:20,200.0,50.1,B
2021-06-23T13:41:10,500.0,50.1,B
2021-06-23T13:41:06,100.0,50.1,B
2021-06-23T13:41:03,2200.0,50.1,B
2021-06-23T13:40:58,1000.0,50.1,B
2021-06-23T13:40:56,1500.0,50.0,S
2021-06-23T13:40:36,1000.0,50.1,B
2021-06-23T13:40:28,600.0,50.0,S
2021-06-23T13:40:14,3000.0,50.1,B
2021-06-23T13:40:07,200.0,50.0,B
2021-06-23T13:40:07,4600.0,50.0,B
2021-06-23T13:40:05,5500.0,50.0,B
2021-06-23T13:40:03,700.0,50.0,B
2021-06-23T13:40:03,1300.0,50.0,B
2021-06-23T13:39:57,1000.0,49.95,S
2021-06-23T13:39:55,3500.0,50.0,B
2021-06-23T13:39:54,500.0,50.0,B
2021-06-23T13:39:54,300.0,50.0,B
2021-06-23T13:39:54,500.0,50.0,B
2021-06-23T13:39:52,500.0,50.0,B
2021-06-23T13:39:52,500.0,50.0,B
2021-06-23T13:39:46,500.0,50.0,B
2021-06-23T13:39:44,3000.0,50.0,B
2021-06-23T13:39:37,200.0,50.0,B
2021-06-23T13:39:34,800.0,50.0,B
2021-06-23T13:39:34,4200.0,50.0,B
2021-06-23T13:39:34,1400.0,50.0,B
2021-06-23T13:39:31,500.0,50.0,B
2021-06-23T13:39:30,200.0,50.0,B
2021-06-23T13:39:21,500.0,50.0,B
2021-06-23T13:39:18,2500.0,50.0,B
2021-06-23T13:39:16,2000.0,50.0,B
2021-06-23T13:39:12,200.0,50.0,B
2021-06-23T13:39:08,1100.0,50.0,B
2021-06-23T13:39:08,900.0,50.0,B
2021-06-23T13:39:06,500.0,50.0,B
2021-06-23T13:39:04,500.0,49.95,S
2021-06-23T13:38:55,2000.0,50.0,B
2021-06-23T13:38:55,900.0,50.0,B
2021-06-23T13:38:48,100.0,50.0,B
2021-06-23T13:38:48,5000.0,50.0,B
2021-06-23T13:38:48,3100.0,50.0,B
2021-06-23T13:38:48,1900.0,50.0,B
2021-06-23T13:38:43,200.0,50.0,B
2021-06-23T13:38:40,3000.0,50.0,B
2021-06-23T13:38:26,400.0,50.0,B
2021-06-23T13:38:24,500.0,50.0,B
2021-06-23T13:38:19,1000.0,50.0,B
2021-06-23T13:38:17,800.0,50.0,B
2021-06-23T13:38:08,500.0,50.0,B
2021-06-23T13:37:58,100.0,50.0,B
2021-06-23T13:37:57,100.0,50.0,B
2021-06-23T13:37:54,400.0,49.95,S
2021-06-23T13:37:48,400.0,50.0,B
2021-06-23T13:37:45,100.0,50.0,B
2021-06-23T13:37:44,300.0,50.0,B
2021-06-23T13:37:43,2500.0,50.0,B
2021-06-23T13:37:43,2500.0,50.0,B
2021-06-23T13:37:37,1000.0,50.0,B
2021-06-23T13:37:36,300.0,49.95,S
2021-06-23T13:37:32,300.0,50.0,B
2021-06-23T13:37:31,700.0,50.0,B
2021-06-23T13:37:25,2000.0,49.95,S
2021-06-23T13:37:20,500.0,50.0,B
2021-06-23T13:37:20,5000.0,50.0,B
2021-06-23T13:37:20,1000.0,50.0,B
2021-06-23T13:37:18,3000.0,50.0,B
2021-06-23T13:37:16,500.0,50.0,B
2021-06-23T13:37:13,1000.0,50.0,B
2021-06-23T13:37:12,800.0,50.0,B
2021-06-23T13:37:12,7300.0,50.0,B
2021-06-23T13:37:10,4500.0,50.0,B
2021-06-23T13:37:10,500.0,50.0,B
2021-06-23T13:37:10,2500.0,50.0,B
2021-06-23T13:37:10,13600.0,50.0,B
2021-06-23T13:37:10,1000.0,50.0,B
2021-06-23T13:37:10,200.0,50.0,B
2021-06-23T13:37:05,1500.0,50.0,B
2021-06-23T13:37:03,3000.0,50.0,B
2021-06-23T13:36:56,200.0,50.0,B
2021-06-23T13:36:56,100.0,50.0,B
2021-06-23T13:36:54,100.0,50.0,B
2021-06-23T13:36:48,5000.0,50.0,B
2021-06-23T13:36:46,1000.0,50.0,B
2021-06-23T13:36:44,1000.0,50.0,B
2021-06-23T13:36:36,1000.0,50.0,B
2021-06-23T13:36:36,500.0,50.0,B
2021-06-23T13:36:33,400.0,50.0,B
2021-06-23T13:36:24,100.0,50.0,B
2021-06-23T13:36:19,200.0,50.0,B
2021-06-23T13:36:14,10000.0,50.0,B
2021-06-23T13:36:05,1200.0,50.0,B
2021-06-23T13:36:05,2300.0,50.0,B
2021-06-23T13:36:05,700.0,50.0,B
2021-06-23T13:36:05,5800.0,50.0,B
2021-06-23T13:35:58,10000.0,50.0,B
2021-06-23T13:35:55,1000.0,50.0,B
2021-06-23T13:35:53,100.0,50.0,B
2021-06-23T13:35:51,1000.0,50.0,B
2021-06-23T13:35:48,1000.0,50.0,B
2021-06-23T13:35:45,200.0,50.0,B
2021-06-23T13:35:37,700.0,50.0,B
2021-06-23T13:35:33,200.0,50.0,B
2021-06-23T13:35:31,200.0,50.0,B
2021-06-23T13:35:31,500.0,50.0,B
2021-06-23T13:35:30,5000.0,50.0,B
2021-06-23T13:35:28,600.0,49.95,S
2021-06-23T13:35:26,1000.0,50.0,B
2021-06-23T13:35:20,3000.0,50.0,B
2021-06-23T13:35:16,300.0,50.0,B
2021-06-23T13:35:15,1000.0,50.0,B
2021-06-23T13:35:14,400.0,50.0,B
2021-06-23T13:35:13,8000.0,50.0,B
2021-06-23T13:34:58,100.0,50.0,B
2021-06-23T13:34:52,300.0,50.0,B
2021-06-23T13:34:52,1000.0,50.0,B
2021-06-23T13:34:47,5000.0,50.0,B
2021-06-23T13:34:46,100.0,50.0,B
2021-06-23T13:34:45,100.0,50.0,B
2021-06-23T13:34:41,800.0,50.0,B
2021-06-23T13:34:40,500.0,50.0,B
2021-06-23T13:34:38,1000.0,50.0,B
2021-06-23T13:34:34,200.0,50.0,B
2021-06-23T13:34:22,200.0,50.0,B
2021-06-23T13:34:20,200.0,50.0,B
2021-06-23T13:34:16,3400.0,50.0,B
2021-06-23T13:34:16,1000.0,49.95,S
2021-06-23T13:34:12,1400.0,50.0,B
2021-06-23T13:34:12,300.0,50.0,B
2021-06-23T13:34:04,2500.0,50.0,B
2021-06-23T13:34:03,200.0,50.0,B
2021-06-23T13:34:01,3300.0,50.0,B
2021-06-23T13:33:56,200.0,50.0,B
2021-06-23T13:33:50,300.0,50.0,B
2021-06-23T13:33:49,100.0,50.0,B
2021-06-23T13:33:49,1000.0,50.0,B
2021-06-23T13:33:36,2900.0,50.0,B
2021-06-23T13:33:29,10000.0,50.0,B
2021-06-23T13:33:28,2500.0,49.95,B
2021-06-23T13:33:18,10000.0,49.95,B
2021-06-23T13:33:13,300.0,49.95,B
2021-06-23T13:33:13,100.0,49.9,S
2021-06-23T13:32:51,400.0,49.9,B
2021-06-23T13:32:49,200.0,49.9,B
2021-06-23T13:32:49,1000.0,49.9,B
2021-06-23T13:32:46,3500.0,49.9,B
2021-06-23T13:32:45,300.0,49.9,B
2021-06-23T13:32:40,400.0,49.9,B
2021-06-23T13:32:35,500.0,49.9,B
2021-06-23T13:32:34,1000.0,49.9,B
2021-06-23T13:32:33,1000.0,49.9,B
2021-06-23T13:32:24,7000.0,49.9,B
2021-06-23T13:32:24,3000.0,49.9,B
2021-06-23T13:32:23,700.0,49.9,B
2021-06-23T13:32:23,2300.0,49.9,B
2021-06-23T13:32:22,100.0,49.9,B
2021-06-23T13:32:21,100.0,49.9,B
2021-06-23T13:32:18,500.0,49.9,B
2021-06-23T13:32:18,2200.0,49.9,B
2021-06-23T13:32:18,7300.0,49.9,B
2021-06-23T13:32:10,1000.0,49.9,B
2021-06-23T13:32:04,2000.0,49.9,B
2021-06-23T13:32:02,300.0,49.85,S
2021-06-23T13:32:01,100.0,49.9,B
2021-06-23T13:32:01,1100.0,49.9,B
2021-06-23T13:32:00,900.0,49.9,B
2021-06-23T13:31:57,100.0,49.9,B
2021-06-23T13:31:55,500.0,49.85,S
2021-06-23T13:31:34,5000.0,49.9,B
2021-06-23T13:31:24,300.0,49.9,B
2021-06-23T13:31:19,300.0,49.9,B
2021-06-23T13:31:08,2000.0,49.9,B
2021-06-23T13:31:08,2000.0,49.9,B
2021-06-23T13:31:01,1300.0,49.9,B
2021-06-23T13:30:54,200.0,49.8,S
2021-06-23T13:30:50,1000.0,49.85,B
2021-06-23T13:30:48,900.0,49.85,B
2021-06-23T13:30:46,300.0,49.85,B
2021-06-23T13:30:44,1600.0,49.85,B
2021-06-23T13:30:33,200.0,49.85,B
2021-06-23T13:30:32,500.0,49.85,B
2021-06-23T13:30:32,6500.0,49.85,B
2021-06-23T13:30:29,300.0,49.85,B
2021-06-23T13:30:25,1800.0,49.85,B
2021-06-23T13:30:25,200.0,49.85,B
2021-06-23T13:30:23,300.0,49.85,B
2021-06-23T13:30:21,100.0,49.85,B
2021-06-23T13:30:16,700.0,49.85,B
2021-06-23T13:30:16,300.0,49.85,B
2021-06-23T13:30:08,700.0,49.85,S
2021-06-23T13:30:03,2100.0,49.85,S
2021-06-23T13:30:03,6800.0,49.85,S
2021-06-23T13:30:03,100.0,49.85,S
2021-06-23T13:29:55,500.0,49.9,B
2021-06-23T13:29:36,1600.0,49.9,B
2021-06-23T13:29:33,2000.0,49.85,S
2021-06-23T13:29:30,2000.0,49.85,S
2021-06-23T13:29:27,1000.0,49.9,B
2021-06-23T13:29:17,300.0,49.85,S
2021-06-23T13:29:11,100.0,49.85,S
2021-06-23T13:28:59,1000.0,49.85,S
2021-06-23T13:28:45,300.0,49.85,S
2021-06-23T13:28:38,100.0,49.85,B
2021-06-23T13:28:35,800.0,49.9,B
2021-06-23T13:28:29,1000.0,49.85,B
2021-06-23T13:28:22,100.0,49.85,B
2021-06-23T13:28:22,1400.0,49.8,B
2021-06-23T13:28:19,100.0,49.8,S
2021-06-23T13:28:18,1100.0,49.8,S
2021-06-23T13:28:18,800.0,49.8,S
2021-06-23T13:28:18,1000.0,49.8,S
2021-06-23T13:28:18,5200.0,49.8,S
2021-06-23T13:28:18,1500.0,49.8,S
2021-06-23T13:28:18,700.0,49.8,S
2021-06-23T13:28:18,300.0,49.8,S
2021-06-23T13:28:18,1100.0,49.8,S
2021-06-23T13:28:17,6800.0,49.8,S
2021-06-23T13:28:17,1000.0,49.9,B
2021-06-23T13:28:14,1500.0,49.8,S
2021-06-23T13:28:14,1500.0,49.85,S
2021-06-23T13:28:14,3800.0,49.9,B
2021-06-23T13:28:05,300.0,49.85,S
2021-06-23T13:28:02,2000.0,49.9,B
2021-06-23T13:27:59,200.0,49.85,S
2021-06-23T13:27:58,100.0,49.9,B
2021-06-23T13:27:47,600.0,49.85,S
2021-06-23T13:27:46,300.0,49.85,S
2021-06-23T13:27:32,400.0,49.9,B
2021-06-23T13:27:29,300.0,49.85,S
2021-06-23T13:27:23,20000.0,49.8,S
2021-06-23T13:27:20,400.0,49.9,B
2021-06-23T13:27:11,1000.0,49.85,B
2021-06-23T13:27:10,1000.0,49.8,S
2021-06-23T13:27:08,200.0,49.9,B
2021-06-23T13:26:59,2500.0,49.8,S
2021-06-23T13:26:59,500.0,49.8,S
2021-06-23T13:26:55,2000.0,49.8,S
2021-06-23T13:26:55,1200.0,49.85,B
2021-06-23T13:26:46,3800.0,49.85,B
2021-06-23T13:26:34,1200.0,49.85,B
2021-06-23T13:26:34,2800.0,49.85,B
2021-06-23T13:26:34,300.0,49.85,B
2021-06-23T13:26:34,1400.0,49.85,B
2021-06-23T13:26:34,5500.0,49.85,B
2021-06-23T13:26:34,800.0,49.85,B
2021-06-23T13:26:33,100.0,49.8,S
2021-06-23T13:26:23,300.0,49.8,S
2021-06-23T13:26:23,600.0,49.8,S
2021-06-23T13:26:04,8700.0,49.85,B
2021-06-23T13:26:04,200.0,49.8,S
2021-06-23T13:25:54,2800.0,49.8,S
2021-06-23T13:25:44,300.0,49.8,S
2021-06-23T13:25:33,700.0,49.8,S
2021-06-23T13:25:27,300.0,49.8,S
2021-06-23T13:25:24,3000.0,49.8,S
2021-06-23T13:25:14,1300.0,49.8,S
2021-06-23T13:25:08,500.0,49.8,S
2021-06-23T13:25:07,1500.0,49.85,B
2021-06-23T13:25:03,500.0,49.8,S
2021-06-23T13:24:58,5000.0,49.8,S
2021-06-23T13:24:51,500.0,49.8,S
2021-06-23T13:24:49,2200.0,49.85,B
2021-06-23T13:24:49,100.0,49.85,B
2021-06-23T13:24:47,400.0,49.85,B
2021-06-23T13:24:41,200.0,49.8,S
2021-06-23T13:24:25,300.0,49.8,S
2021-06-23T13:24:22,20000.0,49.8,S
2021-06-23T13:24:22,1000.0,49.8,S
2021-06-23T13:24:12,100.0,49.8,S
2021-06-23T13:24:02,1000.0,49.8,S
2021-06-23T13:23:52,10000.0,49.8,S
2021-06-23T13:23:51,3000.0,49.8,S
2021-06-23T13:23:23,5000.0,49.8,S
2021-06-23T13:23:22,300.0,49.85,S
2021-06-23T13:23:22,1000.0,49.85,S
2021-06-23T13:23:18,2100.0,49.8,S
2021-06-23T13:23:18,2500.0,49.8,S
2021-06-23T13:23:17,100.0,49.8,S
2021-06-23T13:23:17,700.0,49.8,S
2021-06-23T13:23:17,5100.0,49.8,S
2021-06-23T13:23:17,1000.0,49.8,S
2021-06-23T13:23:17,200.0,49.8,S
2021-06-23T13:23:17,600.0,49.8,S
2021-06-23T13:23:17,100.0,49.8,S
2021-06-23T13:23:16,100.0,49.8,S
2021-06-23T13:23:16,2000.0,49.8,S
2021-06-23T13:23:16,100.0,49.8,S
2021-06-23T13:23:16,600.0,49.8,S
2021-06-23T13:23:16,5000.0,49.8,S
2021-06-23T13:23:16,1000.0,49.8,S
2021-06-23T13:23:16,2000.0,49.8,S
2021-06-23T13:23:09,400.0,49.85,S
2021-06-23T13:23:02,3800.0,49.85,S
2021-06-23T13:22:58,500.0,49.85,S
2021-06-23T13:22:44,100.0,49.85,S
2021-06-23T13:22:43,2900.0,49.85,S
2021-06-23T13:22:41,2100.0,49.85,S
2021-06-23T13:22:25,2400.0,49.85,S
2021-06-23T13:22:25,200.0,49.85,S
2021-06-23T13:22:23,300.0,49.85,S
2021-06-23T13:22:19,2200.0,49.85,S
2021-06-23T13:22:17,4000.0,49.85,S
2021-06-23T13:22:15,5000.0,49.85,S
2021-06-23T13:22:02,300.0,49.9,B
2021-06-23T13:21:49,200.0,49.85,S
2021-06-23T13:21:40,1000.0,49.85,S
2021-06-23T13:21:24,200.0,49.85,S
2021-06-23T13:21:07,400.0,49.85,S
2021-06-23T13:20:55,400.0,49.9,B
2021-06-23T13:20:50,3000.0,49.85,S
2021-06-23T13:20:45,1000.0,49.85,S
2021-06-23T13:20:41,200.0,49.85,S
2021-06-23T13:20:36,500.0,49.9,B
2021-06-23T13:20:31,100.0,49.9,B
2021-06-23T13:20:27,1000.0,49.9,B
2021-06-23T13:20:15,200.0,49.9,B
2021-06-23T13:19:59,100.0,49.9,S
2021-06-23T13:19:57,100.0,49.9,S
2021-06-23T13:19:53,800.0,49.9,S
2021-06-23T13:19:53,600.0,49.9,S
2021-06-23T13:19:44,100.0,49.9,S
2021-06-23T13:19:44,1100.0,49.9,S
2021-06-23T13:19:30,1000.0,49.85,S
2021-06-23T13:19:25,500.0,49.9,S
2021-06-23T13:19:13,3400.0,49.9,S
2021-06-23T13:19:13,1100.0,49.9,S
2021-06-23T13:19:13,1000.0,49.9,S
2021-06-23T13:19:13,1200.0,49.9,S
2021-06-23T13:19:13,600.0,49.9,S
2021-06-23T13:19:13,600.0,49.9,S
2021-06-23T13:19:13,5400.0,49.9,S
2021-06-23T13:19:13,700.0,49.9,S
2021-06-23T13:19:13,200.0,49.9,S
2021-06-23T13:19:13,300.0,49.9,S
2021-06-23T13:19:13,700.0,49.9,S
2021-06-23T13:19:10,1500.0,49.95,B
2021-06-23T13:18:55,1000.0,49.9,S
2021-06-23T13:18:49,1000.0,49.95,B
2021-06-23T13:18:49,200.0,49.95,B
2021-06-23T13:18:49,200.0,49.9,S
2021-06-23T13:18:38,3000.0,49.95,B
2021-06-23T13:18:36,1000.0,49.95,B
2021-06-23T13:18:29,100.0,49.95,B
2021-06-23T13:18:27,100.0,49.95,B
2021-06-23T13:18:24,900.0,49.9,S
2021-06-23T13:18:24,2000.0,49.9,S
2021-06-23T13:18:24,2500.0,49.9,S
2021-06-23T13:18:24,5100.0,49.9,S
2021-06-23T13:18:24,200.0,49.9,S
2021-06-23T13:18:23,1000.0,49.9,S
2021-06-23T13:18:23,38300.0,49.9,S
2021-06-23T13:18:22,7200.0,49.95,B
2021-06-23T13:18:17,15000.0,49.95,B
2021-06-23T13:18:16,200.0,49.95,B
2021-06-23T13:18:11,11600.0,49.95,B
2021-06-23T13:18:01,500.0,49.95,B
2021-06-23T13:18:01,1000.0,49.95,B
2021-06-23T13:17:54,500.0,49.95,B
2021-06-23T13:17:49,15700.0,49.95,B
2021-06-23T13:17:47,2900.0,49.95,B
2021-06-23T13:17:30,50000.0,49.9,S
2021-06-23T13:17:28,300.0,49.95,B
2021-06-23T13:17:22,800.0,49.9,S
2021-06-23T13:17:16,300.0,49.9,S
2021-06-23T13:17:14,2400.0,49.9,S
2021-06-23T13:17:13,3000.0,49.9,S
2021-06-23T13:17:10,300.0,49.95,B
2021-06-23T13:17:10,5000.0,49.9,S
2021-06-23T13:17:08,100.0,49.9,S
2021-06-23T13:17:05,4000.0,49.95,B
2021-06-23T13:17:00,600.0,49.95,B
2021-06-23T13:16:59,400.0,49.95,B
2021-06-23T13:16:58,300.0,49.95,B
2021-06-23T13:16:52,300.0,49.95,B
2021-06-23T13:16:45,100.0,49.95,B
2021-06-23T13:16:39,3200.0,49.95,S
2021-06-23T13:16:32,3400.0,49.95,S
2021-06-23T13:16:29,100.0,50.0,B
2021-06-23T13:16:26,100.0,49.95,S
2021-06-23T13:16:22,100.0,49.95,S
2021-06-23T13:16:21,5000.0,49.95,S
2021-06-23T13:16:19,100.0,50.0,B
2021-06-23T13:16:13,300.0,49.95,S
2021-06-23T13:16:09,100.0,49.95,S
2021-06-23T13:16:08,600.0,49.95,S
2021-06-23T13:16:08,2400.0,49.95,S
2021-06-23T13:16:06,500.0,49.95,S
2021-06-23T13:16:02,500.0,49.95,S
2021-06-23T13:16:02,300.0,49.95,S
2021-06-23T13:16:02,1600.0,49.95,S
2021-06-23T13:16:00,1800.0,50.0,B
2021-06-23T13:15:53,1000.0,49.95,S
2021-06-23T13:15:48,500.0,49.95,S
2021-06-23T13:15:40,200.0,49.95,S
2021-06-23T13:15:33,3500.0,50.0,B
2021-06-23T13:15:30,100.0,50.0,B
2021-06-23T13:15:30,100.0,50.0,B
2021-06-23T13:15:11,2000.0,49.95,S
2021-06-23T13:15:06,2400.0,50.0,S
2021-06-23T13:15:06,3200.0,50.0,S
2021-06-23T13:15:06,8000.0,50.0,S
2021-06-23T13:15:06,1200.0,50.0,S
2021-06-23T13:15:06,500.0,50.0,S
2021-06-23T13:15:06,7000.0,50.0,S
2021-06-23T13:15:06,2500.0,50.0,S
2021-06-23T13:15:06,1000.0,50.0,S
2021-06-23T13:15:06,1400.0,50.0,S
2021-06-23T13:15:06,1300.0,50.0,S
2021-06-23T13:15:06,12700.0,50.0,S
2021-06-23T13:15:05,100.0,50.1,B
2021-06-23T13:15:05,200.0,50.0,S
2021-06-23T13:15:00,1300.0,50.0,S
2021-06-23T13:15:00,700.0,50.0,S
2021-06-23T13:14:48,100.0,50.0,S
2021-06-23T13:14:45,100.0,50.0,S
2021-06-23T13:14:44,100.0,50.0,S
2021-06-23T13:14:41,100.0,50.0,S
2021-06-23T13:14:39,100.0,50.0,S
2021-06-23T13:14:27,1000.0,50.0,S
2021-06-23T13:14:24,3500.0,50.0,S
2021-06-23T13:14:23,4500.0,50.0,S
2021-06-23T13:14:23,300.0,50.0,S
2021-06-23T13:14:23,1700.0,50.0,S
2021-06-23T13:14:20,200.0,50.0,S
2021-06-23T13:14:08,100.0,50.1,B
2021-06-23T13:14:00,100.0,50.1,B
2021-06-23T13:13:52,2000.0,50.1,B
2021-06-23T13:13:52,5000.0,50.0,S
2021-06-23T13:13:42,200.0,50.1,B
2021-06-23T13:13:39,10500.0,50.0,S
2021-06-23T13:13:39,9500.0,50.0,S
2021-06-23T13:13:36,100.0,50.0,S
2021-06-23T13:13:35,500.0,50.0,S
2021-06-23T13:13:23,200.0,50.1,B
2021-06-23T13:13:22,200.0,50.1,B
2021-06-23T13:13:19,400.0,50.0,S
2021-06-23T13:13:17,500.0,50.1,B
2021-06-23T13:13:13,1000.0,50.1,B
2021-06-23T13:13:08,1500.0,50.1,B
2021-06-23T13:13:06,500.0,50.1,B
2021-06-23T13:12:44,1100.0,50.1,B
2021-06-23T13:12:42,800.0,50.0,S
2021-06-23T13:12:39,500.0,50.1,B
2021-06-23T13:12:36,700.0,50.1,B
2021-06-23T13:12:30,10000.0,50.1,B
2021-06-23T13:12:28,2500.0,50.1,B
2021-06-23T13:12:27,200.0,50.1,B
2021-06-23T13:12:25,2200.0,50.0,S
2021-06-23T13:12:25,5100.0,50.0,S
2021-06-23T13:12:25,700.0,50.0,S
2021-06-23T13:12:18,4000.0,50.1,B
2021-06-23T13:12:01,2000.0,50.1,B
2021-06-23T13:11:53,1300.0,50.0,S
2021-06-23T13:11:53,6700.0,50.0,S
2021-06-23T13:11:48,1400.0,50.1,B
2021-06-23T13:11:45,100.0,50.1,B
2021-06-23T13:11:40,500.0,50.1,B
2021-06-23T13:11:40,1000.0,50.1,B
2021-06-23T13:11:36,1000.0,50.1,B
2021-06-23T13:11:34,4000.0,50.0,S
2021-06-23T13:11:34,9600.0,50.1,B
2021-06-23T13:11:27,5000.0,50.1,B
2021-06-23T13:11:26,400.0,50.1,B
2021-06-23T13:11:19,500.0,50.1,B
2021-06-23T13:11:11,1300.0,50.1,B
2021-06-23T13:11:10,15000.0,50.1,B
2021-06-23T13:11:10,500.0,50.1,B
2021-06-23T13:11:10,100.0,50.1,B
2021-06-23T13:11:09,500.0,50.1,B
2021-06-23T13:11:06,10000.0,50.1,B
2021-06-23T13:11:06,300.0,50.1,B
2021-06-23T13:11:05,100.0,50.1,B
2021-06-23T13:11:02,100.0,50.1,B
2021-06-23T13:10:58,500.0,50.1,B
2021-06-23T13:10:52,200.0,50.1,B
2021-06-23T13:10:46,100.0,50.1,B
2021-06-23T13:10:45,100.0,50.1,B
2021-06-23T13:10:44,600.0,50.1,B
2021-06-23T13:10:39,5000.0,50.1,B
2021-06-23T13:10:38,1000.0,50.1,B
2021-06-23T13:10:37,600.0,50.1,B
2021-06-23T13:10:35,500.0,50.1,B
2021-06-23T13:10:35,1800.0,50.1,B
2021-06-23T13:10:29,4800.0,50.1,B
2021-06-23T13:10:26,500.0,50.1,B
2021-06-23T13:10:18,1000.0,50.1,B
2021-06-23T13:10:11,2500.0,50.1,B
2021-06-23T13:10:10,500.0,50.1,B
2021-06-23T13:10:05,500.0,50.1,B
2021-06-23T13:10:04,10000.0,50.1,B
2021-06-23T13:09:59,500.0,50.1,B
2021-06-23T13:09:54,6500.0,50.1,B
2021-06-23T13:09:53,200.0,50.1,B
2021-06-23T13:09:52,1000.0,50.1,B
2021-06-23T13:09:51,100.0,50.1,B
2021-06-23T13:09:41,100.0,50.1,B
2021-06-23T13:09:40,500.0,50.1,B
2021-06-23T13:09:39,500.0,50.1,B
2021-06-23T13:09:37,100.0,50.1,B
2021-06-23T13:09:35,500.0,50.1,B
2021-06-23T13:09:32,100.0,50.1,B
2021-06-23T13:09:27,100.0,50.1,B
2021-06-23T13:09:22,5000.0,50.1,B
2021-06-23T13:09:21,400.0,50.1,B
2021-06-23T13:09:20,500.0,50.1,B
2021-06-23T13:09:20,100.0,50.1,B
2021-06-23T13:09:16,100.0,50.1,B
2021-06-23T13:09:10,2000.0,50.1,B
2021-06-23T13:09:09,7800.0,50.1,B
2021-06-23T13:09:00,4000.0,50.1,B
2021-06-23T13:08:59,2000.0,50.1,B
2021-06-23T13:08:58,500.0,50.1,B
2021-06-23T13:08:55,1500.0,50.1,B
2021-06-23T13:08:53,2000.0,50.1,B
2021-06-23T13:08:45,400.0,50.0,S
2021-06-23T13:08:43,400.0,50.1,B
2021-06-23T13:08:41,200.0,50.1,B
2021-06-23T13:08:41,5000.0,50.1,B
2021-06-23T13:08:40,800.0,50.0,S
2021-06-23T13:08:40,19200.0,50.0,S
2021-06-23T13:08:39,400.0,50.1,B
2021-06-23T13:08:35,3300.0,50.1,B
2021-06-23T13:08:34,500.0,50.1,B
2021-06-23T13:08:26,5000.0,50.1,B
2021-06-23T13:08:07,46800.0,50.1,B
2021-06-23T13:08:06,10000.0,50.1,B
2021-06-23T13:08:04,7500.0,50.1,B
2021-06-23T13:08:02,1000.0,50.1,B
2021-06-23T13:07:56,400.0,50.1,B
2021-06-23T13:07:56,5000.0,50.1,B
2021-06-23T13:07:49,500.0,50.1,B
2021-06-23T13:07:41,5300.0,50.1,B
2021-06-23T13:07:38,1000.0,50.1,B
2021-06-23T13:07:37,2700.0,50.1,B
2021-06-23T13:07:37,2300.0,50.1,B
2021-06-23T13:07:34,600.0,50.1,B
2021-06-23T13:07:31,2000.0,50.1,B
2021-06-23T13:07:29,2000.0,50.1,B
2021-06-23T13:07:23,500.0,50.1,B
2021-06-23T13:07:19,500.0,50.1,B
2021-06-23T13:07:10,1400.0,50.1,B
2021-06-23T13:07:00,1500.0,50.1,B
2021-06-23T13:06:58,100.0,50.0,S
2021-06-23T13:06:39,500.0,50.0,S
2021-06-23T13:06:39,1200.0,50.0,S
2021-06-23T13:06:39,1300.0,50.0,S
2021-06-23T13:06:36,3000.0,50.0,S
2021-06-23T13:06:36,300.0,50.0,S
2021-06-23T13:06:33,800.0,50.0,S
2021-06-23T13:06:28,100.0,50.1,B
2021-06-23T13:06:18,1000.0,50.0,S
2021-06-23T13:06:17,200.0,50.0,S
2021-06-23T13:06:00,100.0,50.0,S
2021-06-23T13:05:55,700.0,50.0,S
2021-06-23T13:05:35,100.0,50.0,S
2021-06-23T13:05:21,500.0,50.0,S
2021-06-23T13:05:17,100.0,50.0,S
2021-06-23T13:05:14,200.0,50.0,S
2021-06-23T13:04:51,200.0,50.0,S
2021-06-23T13:04:47,200.0,50.0,B
2021-06-23T13:04:40,3400.0,50.0,B
2021-06-23T13:04:40,5700.0,50.0,B
2021-06-23T13:04:40,600.0,50.0,B
2021-06-23T13:04:40,4300.0,50.0,B
2021-06-23T13:04:40,1200.0,50.0,B
2021-06-23T13:04:40,1000.0,50.0,B
2021-06-23T13:04:40,300.0,50.0,B
2021-06-23T13:04:40,300.0,50.0,B
2021-06-23T13:04:40,1300.0,50.0,B
2021-06-23T13:04:40,1600.0,50.0,B
2021-06-23T13:04:40,18900.0,50.0,B
2021-06-23T13:04:39,400.0,50.0,B
2021-06-23T13:04:39,200.0,50.0,B
2021-06-23T13:04:37,3000.0,50.0,B
2021-06-23T13:04:34,10000.0,49.95,S
2021-06-23T13:04:34,600.0,50.0,B
2021-06-23T13:04:34,500.0,50.0,B
2021-06-23T13:04:34,800.0,50.0,B
2021-06-23T13:04:34,200.0,50.0,B
2021-06-23T13:04:34,800.0,50.0,B
2021-06-23T13:04:34,5400.0,50.0,B
2021-06-23T13:04:34,6000.0,50.0,B
2021-06-23T13:04:34,5500.0,50.0,B
2021-06-23T13:04:34,3400.0,50.0,B
2021-06-23T13:04:34,6100.0,50.0,B
2021-06-23T13:04:34,1200.0,50.0,B
2021-06-23T13:04:34,1800.0,50.0,B
2021-06-23T13:04:34,5000.0,50.0,B
2021-06-23T13:04:33,2700.0,50.0,B
2021-06-23T13:04:20,10000.0,50.0,B
2021-06-23T13:04:15,100.0,50.0,B
2021-06-23T13:04:14,400.0,49.95,S
2021-06-23T13:04:13,500.0,50.0,B
2021-06-23T13:04:06,200.0,50.0,B
2021-06-23T13:04:06,500.0,50.0,B
2021-06-23T13:04:00,200.0,49.95,S
2021-06-23T13:03:50,800.0,50.0,B
2021-06-23T13:03:41,500.0,49.95,S
2021-06-23T13:03:39,2200.0,50.0,B
2021-06-23T13:03:23,600.0,49.95,S
2021-06-23T13:03:22,3000.0,50.0,B
2021-06-23T13:03:22,6000.0,50.0,B
2021-06-23T13:03:13,300.0,50.0,B
2021-06-23T13:02:56,1000.0,50.0,B
2021-06-23T13:02:51,400.0,50.0,B
2021-06-23T13:02:48,400.0,50.0,B
2021-06-23T13:02:42,400.0,50.0,B
2021-06-23T13:02:39,400.0,50.0,B
2021-06-23T13:02:35,400.0,50.0,B
2021-06-23T13:02:27,400.0,50.0,B
2021-06-23T13:02:21,400.0,50.0,B
2021-06-23T13:02:21,600.0,49.9,S
2021-06-23T13:02:19,5000.0,49.9,S
2021-06-23T13:02:17,9600.0,50.0,B
2021-06-23T13:02:09,1000.0,49.9,S
2021-06-23T13:02:08,100.0,49.95,B
2021-06-23T13:02:06,2000.0,49.9,S
2021-06-23T13:02:06,100.0,49.95,B
2021-06-23T13:02:04,1200.0,49.95,B
2021-06-23T13:01:59,100.0,49.9,S
2021-06-23T13:01:59,200.0,49.9,S
2021-06-23T13:01:43,15200.0,49.9,S
2021-06-23T13:01:43,14800.0,49.9,S
2021-06-23T13:01:34,700.0,49.95,S
2021-06-23T13:01:23,2300.0,49.95,S
2021-06-23T13:01:23,1500.0,49.95,S
2021-06-23T13:01:22,300.0,49.95,S
2021-06-23T13:01:13,400.0,50.0,B
2021-06-23T13:01:10,2000.0,50.0,B
2021-06-23T13:01:08,200.0,50.0,B
2021-06-23T13:01:08,500.0,49.95,S
2021-06-23T13:01:06,100.0,49.95,S
2021-06-23T13:01:05,2000.0,50.0,B
2021-06-23T13:01:04,1000.0,49.95,S
2021-06-23T13:00:58,200.0,50.0,B
2021-06-23T13:00:56,500.0,50.0,B
2021-06-23T13:00:53,300.0,50.0,B
2021-06-23T13:00:46,200.0,49.9,S
2021-06-23T13:00:46,2800.0,49.9,S
2021-06-23T13:00:44,100.0,50.0,B
2021-06-23T13:00:30,100.0,50.0,B
2021-06-23T13:00:28,500.0,50.0,B
2021-06-23T13:00:24,4500.0,50.0,B
2021-06-23T13:00:24,1300.0,50.0,B
2021-06-23T13:00:24,200.0,50.0,B
2021-06-23T13:00:24,4100.0,50.0,B
2021-06-23T13:00:24,4100.0,50.0,B
2021-06-23T13:00:24,5900.0,50.0,B
2021-06-23T13:00:24,500.0,49.95,S
2021-06-23T13:00:23,600.0,49.95,S
2021-06-23T13:00:23,1000.0,49.9,S
2021-06-23T13:00:23,100.0,49.95,S
2021-06-23T13:00:23,1000.0,49.95,S
2021-06-23T13:00:23,1300.0,49.95,S
2021-06-23T13:00:21,300.0,49.95,S
2021-06-23T13:00:21,4300.0,50.0,B
2021-06-23T13:00:21,100.0,50.0,B
2021-06-23T13:00:21,5600.0,50.0,B
2021-06-23T13:00:20,1000.0,49.9,S
2021-06-23T13:00:20,100.0,49.95,S
2021-06-23T13:00:20,2000.0,50.0,B
2021-06-23T13:00:20,1000.0,50.0,B
2021-06-23T13:00:20,5000.0,50.0,B
2021-06-23T13:00:20,100.0,50.0,B
2021-06-23T13:00:19,100.0,50.0,B
2021-06-23T13:00:17,400.0,50.0,B
2021-06-23T13:00:14,100.0,49.95,S
2021-06-23T13:00:14,2300.0,50.0,B
2021-06-23T13:00:10,10000.0,50.0,B
2021-06-23T13:00:10,2000.0,49.9,S
2021-06-23T13:00:10,300.0,49.95,S
2021-06-23T13:00:10,400.0,49.95,S
2021-06-23T13:00:10,4000.0,49.95,S
2021-06-23T13:00:10,2000.0,50.0,B
2021-06-23T13:00:10,1000.0,50.0,B
2021-06-23T13:00:10,2100.0,49.95,S
2021-06-23T13:00:10,2600.0,49.95,S
2021-06-23T13:00:10,2200.0,49.95,S
2021-06-23T13:00:10,5500.0,49.95,S
2021-06-23T13:00:10,7600.0,49.95,S
2021-06-23T13:00:10,500.0,50.0,B
2021-06-23T13:00:10,1500.0,50.0,B
2021-06-23T13:00:07,400.0,50.0,B
2021-06-23T13:00:07,300.0,50.0,B
2021-06-23T13:00:07,200.0,49.95,S
2021-06-23T13:00:07,1000.0,50.0,B
2021-06-23T13:00:07,1000.0,50.0,B
2021-06-23T13:00:07,600.0,50.0,B
2021-06-23T13:00:07,4000.0,49.95,S
2021-06-23T13:00:06,4100.0,50.0,B
2021-06-23T11:30:05,15000.0,50.0,B
2021-06-23T11:30:03,1500.0,50.0,B
2021-06-23T11:30:00,1000.0,50.0,B
2021-06-23T11:29:54,2300.0,50.0,B
2021-06-23T11:29:53,100.0,49.95,S
2021-06-23T11:29:44,6000.0,50.0,B
2021-06-23T11:29:42,100.0,50.0,B
2021-06-23T11:29:36,300.0,49.95,S
2021-06-23T11:29:34,5000.0,50.0,B
2021-06-23T11:29:20,1000.0,50.0,B
2021-06-23T11:29:19,4000.0,49.95,S
2021-06-23T11:29:16,500.0,50.0,B
2021-06-23T11:29:10,2000.0,49.95,S
2021-06-23T11:29:06,100.0,49.95,S
2021-06-23T11:29:06,1500.0,49.95,S
2021-06-23T11:29:03,1000.0,49.95,S
2021-06-23T11:28:50,1000.0,50.0,B
2021-06-23T11:28:44,2000.0,49.95,S
2021-06-23T11:28:43,100.0,50.0,B
2021-06-23T11:28:40,500.0,49.95,S
2021-06-23T11:28:27,1200.0,49.95,S
2021-06-23T11:28:24,7000.0,49.95,S
2021-06-23T11:28:18,4500.0,50.0,B
2021-06-23T11:28:09,3000.0,50.0,B
2021-06-23T11:28:00,300.0,50.0,B
2021-06-23T11:27:58,300.0,50.0,B
2021-06-23T11:27:52,500.0,49.95,S
2021-06-23T11:27:43,600.0,49.95,S
2021-06-23T11:27:42,600.0,49.95,S
2021-06-23T11:27:30,100.0,49.95,S
2021-06-23T11:27:28,100.0,50.0,B
2021-06-23T11:27:27,100000.0,50.0,B
2021-06-23T11:27:25,3000.0,50.0,B
2021-06-23T11:27:22,14900.0,49.9,S
2021-06-23T11:27:22,1900.0,49.9,S
2021-06-23T11:27:21,4500.0,49.95,S
2021-06-23T11:27:21,2000.0,50.0,B
2021-06-23T11:27:19,100.0,49.95,S
2021-06-23T11:27:19,500.0,49.95,S
2021-06-23T11:27:18,400.0,49.95,S
2021-06-23T11:27:18,1000.0,50.0,B
2021-06-23T11:27:17,3000.0,50.0,B
2021-06-23T11:27:16,2100.0,49.95,S
2021-06-23T11:27:08,1000.0,49.95,S
2021-06-23T11:26:55,400.0,49.95,S
2021-06-23T11:26:49,200.0,50.0,B
2021-06-23T11:26:48,400.0,50.0,B
2021-06-23T11:26:48,400.0,49.95,S
2021-06-23T11:26:32,3800.0,50.0,B
2021-06-23T11:26:31,1500.0,49.95,S
2021-06-23T11:26:31,5000.0,50.0,B
2021-06-23T11:26:30,800.0,50.0,B
2021-06-23T11:26:24,500.0,50.0,B
2021-06-23T11:26:16,200.0,49.95,S
2021-06-23T11:26:07,100.0,50.0,B
2021-06-23T11:26:02,2000.0,50.0,B
2021-06-23T11:25:57,200.0,50.0,B
2021-06-23T11:25:51,2000.0,49.95,S
2021-06-23T11:25:45,700.0,50.0,B
2021-06-23T11:25:42,200.0,50.0,B
2021-06-23T11:25:36,400.0,50.0,S
2021-06-23T11:25:27,1000.0,50.0,S
2021-06-23T11:25:26,400.0,50.0,S
2021-06-23T11:25:22,800.0,50.0,S
2021-06-23T11:25:19,1000.0,50.0,S
2021-06-23T11:25:18,3000.0,49.95,S
2021-06-23T11:25:18,400.0,50.0,S
2021-06-23T11:25:14,5700.0,50.0,S
2021-06-23T11:25:13,300.0,49.95,S
2021-06-23T11:25:12,400.0,49.95,S
2021-06-23T11:25:11,1800.0,50.0,S
2021-06-23T11:25:11,500.0,50.0,S
2021-06-23T11:25:11,400.0,50.0,S
2021-06-23T11:25:10,500.0,49.95,S
2021-06-23T11:25:09,5000.0,49.95,S
2021-06-23T11:25:06,400.0,50.0,S
2021-06-23T11:24:57,400.0,50.0,S
2021-06-23T11:24:56,1300.0,50.0,S
2021-06-23T11:24:54,50000.0,50.0,S
2021-06-23T11:24:52,10000.0,50.0,S
2021-06-23T11:24:52,600.0,49.95,S
2021-06-23T11:24:46,400.0,50.0,S
2021-06-23T11:24:40,400.0,50.0,S
2021-06-23T11:24:34,2300.0,49.9,S
2021-06-23T11:24:33,1700.0,49.95,S
2021-06-23T11:24:32,200.0,50.0,S
2021-06-23T11:24:30,200.0,49.95,S
2021-06-23T11:24:28,1000.0,49.95,S
2021-06-23T11:24:24,100.0,49.95,S
2021-06-23T11:24:22,3400.0,50.0,S
2021-06-23T11:24:22,2500.0,49.95,S
2021-06-23T11:24:18,1200.0,50.0,S
2021-06-23T11:24:14,5000.0,50.0,S
2021-06-23T11:24:08,500.0,49.95,S
2021-06-23T11:24:07,100.0,49.95,S
2021-06-23T11:24:04,1600.0,49.95,S
2021-06-23T11:24:03,1000.0,50.0,S
2021-06-23T11:23:58,100.0,49.95,S
2021-06-23T11:23:56,1300.0,50.0,S
2021-06-23T11:23:54,100.0,49.95,S
2021-06-23T11:23:47,1000.0,49.95,S
2021-06-23T11:23:44,3000.0,50.0,S
2021-06-23T11:23:40,400.0,49.95,S
2021-06-23T11:23:40,1300.0,50.0,S
2021-06-23T11:23:35,2100.0,50.0,S
2021-06-23T11:23:34,2600.0,50.0,S
2021-06-23T11:23:27,600.0,50.0,S
2021-06-23T11:23:18,100.0,49.95,S
2021-06-23T11:22:50,15000.0,50.0,S
2021-06-23T11:22:47,100.0,50.0,S
2021-06-23T11:22:45,500.0,50.0,S
2021-06-23T11:22:37,1000.0,50.0,S
2021-06-23T11:22:29,2000.0,49.95,S
2021-06-23T11:22:21,4600.0,50.0,S
2021-06-23T11:22:18,2000.0,50.0,S
2021-06-23T11:22:05,200.0,50.0,S
2021-06-23T11:22:01,1200.0,50.0,S
2021-06-23T11:22:00,10000.0,50.0,S
2021-06-23T11:21:47,300.0,50.0,S
2021-06-23T11:21:44,100.0,50.0,S
2021-06-23T11:21:28,1500.0,50.0,S
2021-06-23T11:21:27,200.0,50.0,S
2021-06-23T11:21:23,100.0,50.0,S
2021-06-23T11:21:22,11200.0,50.0,S
2021-06-23T11:21:22,3000.0,50.0,S
2021-06-23T11:21:22,100.0,50.0,S
2021-06-23T11:21:20,100.0,50.0,S
2021-06-23T11:21:18,500.0,50.0,S
2021-06-23T11:21:16,1700.0,50.1,B
2021-06-23T11:21:14,1500.0,50.0,S
2021-06-23T11:21:10,5000.0,50.0,S
2021-06-23T11:21:07,500.0,50.1,B
2021-06-23T11:21:06,5500.0,50.0,S
2021-06-23T11:21:04,2000.0,50.0,S
2021-06-23T11:21:03,3400.0,50.0,S
2021-06-23T11:21:03,25000.0,50.0,S
2021-06-23T11:21:03,4600.0,50.0,S
2021-06-23T11:21:01,1000.0,50.0,S
2021-06-23T11:20:59,200.0,50.0,S
2021-06-23T11:20:56,1600.0,50.0,S
2021-06-23T11:20:55,200.0,50.0,S
2021-06-23T11:20:44,200.0,50.0,S
2021-06-23T11:20:41,100.0,50.0,S
2021-06-23T11:20:38,200.0,50.0,S
2021-06-23T11:20:37,600.0,50.0,S
2021-06-23T11:20:37,500.0,50.0,S
2021-06-23T11:20:30,2000.0,50.1,B
2021-06-23T11:20:29,300.0,50.0,S
2021-06-23T11:20:25,100.0,50.0,S
2021-06-23T11:20:25,800.0,50.0,S
2021-06-23T11:20:25,700.0,50.0,S
2021-06-23T11:20:25,300.0,50.0,S
2021-06-23T11:20:23,400.0,50.0,S
2021-06-23T11:20:23,4300.0,50.1,B
2021-06-23T11:20:22,300.0,50.0,S
2021-06-23T11:20:20,100.0,50.0,S
2021-06-23T11:20:19,300.0,50.0,B
2021-06-23T11:20:12,3000.0,50.0,B
2021-06-23T11:20:11,500.0,50.0,B
2021-06-23T11:20:10,6300.0,50.1,B
2021-06-23T11:20:09,5000.0,50.0,B
2021-06-23T11:20:05,200.0,50.0,B
2021-06-23T11:20:04,900.0,50.0,B
2021-06-23T11:20:03,300.0,50.0,B
2021-06-23T11:19:57,500.0,50.0,B
2021-06-23T11:19:44,1000.0,50.0,B
2021-06-23T11:19:40,1200.0,50.1,B
2021-06-23T11:19:40,8800.0,50.1,B
2021-06-23T11:19:39,100.0,50.0,B
2021-06-23T11:19:36,1000.0,50.0,B
2021-06-23T11:19:35,500.0,50.0,B
2021-06-23T11:19:35,3500.0,50.1,B
2021-06-23T11:19:35,4200.0,50.1,B
2021-06-23T11:19:35,1000.0,50.1,B
2021-06-23T11:19:35,11300.0,50.1,B
2021-06-23T11:19:35,500.0,50.1,B
2021-06-23T11:19:28,100.0,50.0,B
2021-06-23T11:19:26,500.0,50.0,B
2021-06-23T11:19:25,13000.0,50.0,B
2021-06-23T11:19:15,500.0,50.0,B
2021-06-23T11:19:15,1000.0,50.0,B
2021-06-23T11:19:13,1300.0,50.0,B
2021-06-23T11:19:10,1000.0,50.0,B
2021-06-23T11:19:06,2000.0,50.0,B
2021-06-23T11:19:06,200.0,50.1,B
2021-06-23T11:19:06,26000.0,50.1,B
2021-06-23T11:18:59,1600.0,50.0,B
2021-06-23T11:18:59,8400.0,50.0,B
2021-06-23T11:18:38,200.0,50.0,B
2021-06-23T11:18:26,300.0,50.0,B
2021-06-23T11:18:17,600.0,50.0,B
2021-06-23T11:18:16,2000.0,50.0,B
2021-06-23T11:18:15,100.0,50.0,B
2021-06-23T11:18:08,900.0,50.0,B
2021-06-23T11:18:01,100.0,50.0,B
2021-06-23T11:17:58,200.0,50.0,B
2021-06-23T11:17:57,300.0,50.0,B
2021-06-23T11:17:55,500.0,50.0,B
2021-06-23T11:17:52,100.0,50.0,B
2021-06-23T11:17:50,500.0,50.0,B
2021-06-23T11:17:49,300.0,50.0,B
2021-06-23T11:17:45,200.0,50.0,B
2021-06-23T11:17:45,100.0,50.0,B
2021-06-23T11:17:43,200.0,50.0,B
2021-06-23T11:17:40,500.0,50.0,B
2021-06-23T11:17:38,1500.0,50.0,B
2021-06-23T11:17:33,1000.0,50.0,B
2021-06-23T11:17:27,10000.0,50.0,B
2021-06-23T11:17:25,5000.0,50.0,B
2021-06-23T11:17:18,200.0,50.0,B
2021-06-23T11:17:18,300.0,50.0,B
2021-06-23T11:17:18,3000.0,50.0,B
2021-06-23T11:17:17,2500.0,50.0,B
2021-06-23T11:17:14,5000.0,50.0,B
2021-06-23T11:17:14,2000.0,50.0,B
2021-06-23T11:17:12,9800.0,50.0,B
2021-06-23T11:17:05,2000.0,50.0,B
2021-06-23T11:16:57,400.0,50.0,B
2021-06-23T11:16:55,100.0,50.0,B
2021-06-23T11:16:51,1300.0,50.0,B
2021-06-23T11:16:45,14400.0,50.0,B
2021-06-23T11:16:43,2000.0,50.0,B
2021-06-23T11:16:42,5000.0,50.0,B
2021-06-23T11:16:39,5000.0,50.0,B
2021-06-23T11:16:38,1500.0,50.0,B
2021-06-23T11:16:28,500.0,50.0,B
2021-06-23T11:16:27,100.0,50.0,B
2021-06-23T11:16:24,400.0,50.0,B
2021-06-23T11:16:24,100.0,50.0,B
2021-06-23T11:16:23,300.0,50.0,B
2021-06-23T11:16:21,1800.0,50.0,B
2021-06-23T11:16:17,5000.0,50.0,B
2021-06-23T11:16:10,1000.0,50.0,B
2021-06-23T11:16:06,1000.0,50.0,B
2021-06-23T11:15:49,900.0,50.0,B
2021-06-23T11:15:41,2000.0,50.0,B
2021-06-23T11:15:37,2800.0,50.0,B
2021-06-23T11:15:37,1500.0,50.0,B
2021-06-23T11:15:33,5000.0,50.0,B
2021-06-23T11:15:33,400.0,50.0,B
2021-06-23T11:15:18,5000.0,50.0,B
2021-06-23T11:15:13,20000.0,50.1,B
2021-06-23T11:15:13,1000.0,50.0,B
2021-06-23T11:15:13,900.0,50.0,B
2021-06-23T11:15:10,500.0,50.0,B
2021-06-23T11:15:10,1000.0,50.0,B
2021-06-23T11:15:02,6300.0,50.0,B
2021-06-23T11:15:00,600.0,50.0,B
2021-06-23T11:14:58,1000.0,50.0,B
2021-06-23T11:14:55,2000.0,50.0,B
2021-06-23T11:14:53,500.0,50.0,B
2021-06-23T11:14:49,100.0,50.0,B
2021-06-23T11:14:47,1000.0,50.0,B
2021-06-23T11:14:40,100.0,50.0,B
2021-06-23T11:14:39,2000.0,50.0,B
2021-06-23T11:14:35,200.0,50.0,B
2021-06-23T11:14:35,1000.0,50.0,B
2021-06-23T11:14:35,10000.0,50.0,B
2021-06-23T11:14:30,500.0,50.0,B
2021-06-23T11:14:30,10200.0,50.0,B
2021-06-23T11:14:30,300.0,50.0,B
2021-06-23T11:14:30,2800.0,50.0,B
2021-06-23T11:14:30,6000.0,50.0,B
2021-06-23T11:14:30,12900.0,50.0,B
2021-06-23T11:14:27,200.0,49.9,S
2021-06-23T11:14:14,1100.0,49.9,S
2021-06-23T11:14:03,100.0,49.9,S
2021-06-23T11:14:01,1000.0,49.9,S
2021-06-23T11:13:52,500.0,50.0,B
2021-06-23T11:13:46,700.0,49.95,S
2021-06-23T11:13:41,500.0,49.9,S
2021-06-23T11:13:40,1500.0,49.9,S
2021-06-23T11:13:28,2800.0,49.9,S
2021-06-23T11:13:23,1800.0,49.9,S
2021-06-23T11:13:22,100.0,49.9,S
2021-06-23T11:13:19,200.0,49.9,S
2021-06-23T11:13:16,200.0,49.9,S
2021-06-23T11:13:15,900.0,49.95,S
2021-06-23T11:13:14,10900.0,50.0,S
2021-06-23T11:13:14,2300.0,50.0,S
2021-06-23T11:13:14,200.0,49.95,S
2021-06-23T11:13:11,6900.0,49.95,S
2021-06-23T11:13:09,600.0,49.9,S
2021-06-23T11:13:07,2000.0,49.9,S
2021-06-23T11:13:02,3500.0,49.9,S
2021-06-23T11:12:58,300.0,49.9,S
2021-06-23T11:12:56,700.0,50.0,S
2021-06-23T11:12:56,10600.0,50.0,S
2021-06-23T11:12:56,1000.0,50.0,S
2021-06-23T11:12:56,2000.0,50.0,S
2021-06-23T11:12:56,1000.0,50.0,S
2021-06-23T11:12:56,21000.0,50.0,S
2021-06-23T11:12:56,40000.0,50.0,S
2021-06-23T11:12:56,8000.0,50.0,S
2021-06-23T11:12:56,3000.0,50.0,S
2021-06-23T11:12:56,12700.0,50.0,S
2021-06-23T11:12:56,1000.0,49.95,S
2021-06-23T11:12:55,5000.0,49.9,S
2021-06-23T11:12:50,500.0,49.9,S
2021-06-23T11:12:47,300.0,49.9,S
2021-06-23T11:12:44,800.0,49.9,S
2021-06-23T11:12:41,300.0,49.9,S
2021-06-23T11:12:38,200.0,49.95,S
2021-06-23T11:12:35,2500.0,49.9,S
2021-06-23T11:12:35,1000.0,49.9,S
2021-06-23T11:12:35,300.0,49.9,S
2021-06-23T11:12:35,700.0,49.9,S
2021-06-23T11:12:35,1100.0,49.9,S
2021-06-23T11:12:35,16900.0,49.9,S
2021-06-23T11:12:29,2000.0,49.95,S
2021-06-23T11:12:28,9300.0,49.95,S
2021-06-23T11:12:11,200.0,49.95,S
2021-06-23T11:11:55,900.0,50.0,S
2021-06-23T11:11:54,2600.0,49.95,S
2021-06-23T11:11:46,3000.0,49.95,S
2021-06-23T11:11:43,4000.0,49.95,S
2021-06-23T11:11:42,1000.0,49.95,S
2021-06-23T11:11:41,1800.0,50.0,S
2021-06-23T11:11:40,1000.0,49.95,S
2021-06-23T11:11:34,1000.0,50.0,S
2021-06-23T11:11:32,1700.0,50.0,S
2021-06-23T11:11:32,1900.0,50.0,S
2021-06-23T11:11:32,7200.0,50.0,S
2021-06-23T11:11:31,1100.0,50.0,S
2021-06-23T11:11:31,600.0,50.0,S
2021-06-23T11:11:30,18300.0,50.0,S
2021-06-23T11:11:29,600.0,50.1,S
2021-06-23T11:11:27,2900.0,50.0,S
2021-06-23T11:11:26,14800.0,50.0,S
2021-06-23T11:11:24,3200.0,50.0,S
2021-06-23T11:11:23,1000.0,50.0,S
2021-06-23T11:11:22,1400.0,50.0,S
2021-06-23T11:11:22,3300.0,50.0,S
2021-06-23T11:11:20,4000.0,50.0,S
2021-06-23T11:11:19,1500.0,50.0,S
2021-06-23T11:11:13,500.0,50.0,S
2021-06-23T11:11:12,1000.0,50.0,S
2021-06-23T11:11:06,200.0,50.0,S
2021-06-23T11:11:05,3000.0,50.0,S
2021-06-23T11:11:03,2500.0,50.0,S
2021-06-23T11:11:00,1000.0,50.0,S
2021-06-23T11:10:58,11700.0,50.0,S
2021-06-23T11:10:58,1700.0,50.0,S
2021-06-23T11:10:58,2100.0,50.0,S
2021-06-23T11:10:58,2200.0,50.0,S
2021-06-23T11:10:58,200.0,50.0,S
2021-06-23T11:10:58,1200.0,50.0,S
2021-06-23T11:10:58,1900.0,50.0,S
2021-06-23T11:10:55,600.0,50.0,S
2021-06-23T11:10:55,1000.0,50.0,S
2021-06-23T11:10:52,400.0,50.1,S
2021-06-23T11:10:50,200.0,50.0,S
2021-06-23T11:10:50,300.0,50.0,S
2021-06-23T11:10:47,500.0,50.0,S
2021-06-23T11:10:47,1000.0,50.0,S
2021-06-23T11:10:45,300.0,50.0,S
2021-06-23T11:10:45,200.0,50.0,S
2021-06-23T11:10:41,1500.0,50.0,S
2021-06-23T11:10:40,200.0,50.0,S
2021-06-23T11:10:40,100.0,50.0,S
2021-06-23T11:10:37,1000.0,50.0,S
2021-06-23T11:10:34,6100.0,50.0,S
2021-06-23T11:10:33,700.0,50.0,S
2021-06-23T11:10:29,100.0,50.0,S
2021-06-23T11:10:27,400.0,50.0,S
2021-06-23T11:10:27,600.0,50.0,S
2021-06-23T11:10:25,1000.0,50.0,S
2021-06-23T11:10:17,800.0,50.0,S
2021-06-23T11:10:17,200.0,50.0,S
2021-06-23T11:10:14,300.0,50.0,S
2021-06-23T11:10:13,600.0,50.0,S
2021-06-23T11:10:13,4700.0,50.0,S
2021-06-23T11:10:13,200.0,50.0,S
2021-06-23T11:10:13,200.0,50.0,S
2021-06-23T11:10:13,500.0,50.0,S
2021-06-23T11:10:13,500.0,50.0,S
2021-06-23T11:10:13,300.0,50.0,S
2021-06-23T11:10:05,400.0,50.0,S
2021-06-23T11:10:04,1000.0,50.0,S
2021-06-23T11:10:04,1900.0,50.0,S
2021-06-23T11:10:04,600.0,50.0,S
2021-06-23T11:10:04,2000.0,50.0,S
2021-06-23T11:10:04,700.0,50.0,S
2021-06-23T11:10:04,2300.0,50.0,S
2021-06-23T11:10:04,100.0,50.0,S
2021-06-23T11:10:04,1200.0,50.0,S
2021-06-23T11:10:04,700.0,50.0,S
2021-06-23T11:10:04,500.0,50.0,S
2021-06-23T11:09:58,2000.0,50.0,S
2021-06-23T11:09:54,5000.0,50.0,S
2021-06-23T11:09:54,500.0,50.0,S
2021-06-23T11:09:42,2000.0,50.0,S
2021-06-23T11:09:39,500.0,50.1,S
2021-06-23T11:09:30,2000.0,50.0,S
2021-06-23T11:09:29,15000.0,50.0,S
2021-06-23T11:09:27,300.0,50.1,S
2021-06-23T11:09:21,4000.0,50.0,S
2021-06-23T11:09:21,600.0,50.0,S
2021-06-23T11:09:08,300.0,50.0,S
2021-06-23T11:08:55,300.0,50.1,S
2021-06-23T11:08:53,200.0,50.0,S
2021-06-23T11:08:47,1300.0,50.1,S
2021-06-23T11:08:44,500.0,50.1,S
2021-06-23T11:08:41,200.0,50.1,S
2021-06-23T11:08:41,2000.0,50.1,S
2021-06-23T11:08:41,300.0,50.1,S
2021-06-23T11:08:39,6700.0,50.1,S
2021-06-23T11:08:39,1100.0,50.1,S
2021-06-23T11:08:39,100.0,50.1,S
2021-06-23T11:08:39,200.0,50.1,S
2021-06-23T11:08:39,11000.0,50.1,S
2021-06-23T11:08:39,900.0,50.1,S
2021-06-23T11:08:36,1000.0,50.1,S
2021-06-23T11:08:35,1100.0,50.1,S
2021-06-23T11:08:29,200.0,50.1,S
2021-06-23T11:08:28,500.0,50.1,S
2021-06-23T11:08:20,100.0,50.1,S
2021-06-23T11:08:15,600.0,50.1,S
2021-06-23T11:08:13,1000.0,50.1,S
2021-06-23T11:08:13,1300.0,50.1,S
2021-06-23T11:08:07,600.0,50.1,S
2021-06-23T11:08:06,400.0,50.1,S
2021-06-23T11:08:01,400.0,50.1,S
2021-06-23T11:08:00,300.0,50.1,S
2021-06-23T11:07:51,4600.0,50.2,B
2021-06-23T11:07:35,1000.0,50.1,S
2021-06-23T11:07:33,900.0,50.1,S
2021-06-23T11:07:33,800.0,50.1,S
2021-06-23T11:07:33,1700.0,50.1,S
2021-06-23T11:07:31,1600.0,50.1,S
2021-06-23T11:07:21,500.0,50.1,S
2021-06-23T11:07:20,600.0,50.2,S
2021-06-23T11:07:07,200.0,50.2,S
2021-06-23T11:07:04,3000.0,50.1,S
2021-06-23T11:06:53,7600.0,50.2,S
2021-06-23T11:06:48,1000.0,50.2,S
2021-06-23T11:06:45,500.0,50.2,S
2021-06-23T11:06:45,10000.0,50.2,S
2021-06-23T11:06:43,1000.0,50.2,S
2021-06-23T11:06:42,4000.0,50.2,S
2021-06-23T11:06:38,1000.0,50.2,S
2021-06-23T11:06:30,500.0,50.2,S
2021-06-23T11:06:27,3000.0,50.2,S
2021-06-23T11:06:26,1700.0,50.2,S
2021-06-23T11:06:26,3300.0,50.2,S
2021-06-23T11:06:17,8000.0,50.2,S
2021-06-23T11:06:14,10000.0,50.2,S
2021-06-23T11:06:14,5000.0,50.2,S
2021-06-23T11:06:14,500.0,50.2,S
2021-06-23T11:06:13,300.0,50.2,S
2021-06-23T11:06:12,4000.0,50.2,S
2021-06-23T11:06:12,500.0,50.2,S
2021-06-23T11:06:10,6000.0,50.2,S
2021-06-23T11:05:50,5700.0,50.2,S
2021-06-23T11:05:48,300.0,50.2,S
2021-06-23T11:05:47,1000.0,50.2,S
2021-06-23T11:05:45,200.0,50.2,S
2021-06-23T11:05:45,100.0,50.2,S
2021-06-23T11:05:42,500.0,50.2,S
2021-06-23T11:05:33,300.0,50.2,S
2021-06-23T11:05:25,100.0,50.2,S
2021-06-23T11:05:23,600.0,50.3,B
2021-06-23T11:04:50,1800.0,50.3,B
2021-06-23T11:04:48,1200.0,50.3,B
2021-06-23T11:04:40,2500.0,50.2,S
2021-06-23T11:04:37,200.0,50.2,S
2021-06-23T11:04:34,100.0,50.3,B
2021-06-23T11:04:30,100.0,50.2,S
2021-06-23T11:04:29,300.0,50.2,S
2021-06-23T11:04:23,500.0,50.2,S
2021-06-23T11:04:12,1900.0,50.2,S
2021-06-23T11:04:08,3000.0,50.2,S
2021-06-23T11:03:54,4000.0,50.2,S
2021-06-23T11:03:53,9000.0,50.2,S
2021-06-23T11:03:43,5000.0,50.2,S
2021-06-23T11:03:35,1700.0,50.2,S
2021-06-23T11:03:29,600.0,50.2,S
2021-06-23T11:03:24,300.0,50.2,S
2021-06-23T11:03:13,100.0,50.2,S
2021-06-23T11:03:05,200.0,50.2,S
2021-06-23T11:02:55,1200.0,50.2,S
2021-06-23T11:02:50,800.0,50.2,S
2021-06-23T11:02:34,3000.0,50.2,S
2021-06-23T11:02:26,300.0,50.2,S
2021-06-23T11:02:21,100.0,50.2,S
2021-06-23T11:02:16,1000.0,50.2,S
2021-06-23T11:01:58,200.0,50.2,S
2021-06-23T11:01:58,5000.0,50.2,S
2021-06-23T11:01:57,400.0,50.2,S
2021-06-23T11:01:49,200.0,50.2,S
2021-06-23T11:01:48,1000.0,50.2,S
2021-06-23T11:01:41,200.0,50.3,B
2021-06-23T11:01:25,100.0,50.2,S
2021-06-23T11:01:21,3000.0,50.2,B
2021-06-23T11:01:11,1400.0,50.3,B
2021-06-23T11:01:11,200.0,50.3,B
2021-06-23T11:01:10,1100.0,50.3,B
2021-06-23T11:01:06,200.0,50.2,B
2021-06-23T11:00:33,1000.0,50.2,B
2021-06-23T11:00:24,100.0,50.2,S
2021-06-23T11:00:21,7800.0,50.2,S
2021-06-23T11:00:18,200.0,50.2,S
2021-06-23T11:00:08,5000.0,50.2,S
2021-06-23T11:00:03,300.0,50.2,S
2021-06-23T11:00:00,300.0,50.2,S
2021-06-23T10:59:57,200.0,50.2,S
2021-06-23T10:59:50,2500.0,50.2,S
2021-06-23T10:59:43,100.0,50.2,S
2021-06-23T10:59:22,600.0,50.2,S
2021-06-23T10:59:22,400.0,50.2,S
2021-06-23T10:59:06,400.0,50.2,S
2021-06-23T10:58:45,200.0,50.2,B
2021-06-23T10:58:43,200.0,50.2,B
2021-06-23T10:58:42,300.0,50.1,S
2021-06-23T10:58:40,100.0,50.2,B
2021-06-23T10:58:40,800.0,50.2,B
2021-06-23T10:58:40,300.0,50.2,B
2021-06-23T10:58:40,400.0,50.2,B
2021-06-23T10:58:40,400.0,50.2,B
2021-06-23T10:58:40,200.0,50.2,B
2021-06-23T10:58:39,1000.0,50.2,B
2021-06-23T10:58:38,1000.0,50.1,S
2021-06-23T10:58:32,200.0,50.1,S
2021-06-23T10:58:28,5000.0,50.2,B
2021-06-23T10:58:26,300.0,50.2,B
2021-06-23T10:58:04,10000.0,50.1,S
2021-06-23T10:58:04,3600.0,50.2,B
2021-06-23T10:58:04,5800.0,50.2,B
2021-06-23T10:58:04,1600.0,50.2,B
2021-06-23T10:58:03,2400.0,50.2,B
2021-06-23T10:58:03,1200.0,50.2,B
2021-06-23T10:58:03,17300.0,50.2,B
2021-06-23T10:58:03,1200.0,50.2,B
2021-06-23T10:58:03,1800.0,50.2,B
2021-06-23T10:58:00,1000.0,50.1,S
2021-06-23T10:57:51,100.0,50.1,S
2021-06-23T10:57:48,1000.0,50.2,B
2021-06-23T10:57:46,5000.0,50.2,B
2021-06-23T10:57:29,200.0,50.1,S
2021-06-23T10:57:26,100.0,50.2,B
2021-06-23T10:57:26,200.0,50.2,B
2021-06-23T10:57:22,1200.0,50.1,S
2021-06-23T10:57:14,300.0,50.1,S
2021-06-23T10:57:14,5700.0,50.2,B
2021-06-23T10:56:59,800.0,50.1,S
2021-06-23T10:56:59,700.0,50.1,S
2021-06-23T10:56:50,500.0,50.2,B
2021-06-23T10:56:35,1300.0,50.1,S
2021-06-23T10:56:35,1700.0,50.1,S
2021-06-23T10:56:18,200.0,50.1,S
2021-06-23T10:56:18,300.0,50.1,S
2021-06-23T10:56:09,200.0,50.1,S
2021-06-23T10:55:54,1000.0,50.1,S
2021-06-23T10:55:16,500.0,50.1,B
2021-06-23T10:55:16,900.0,50.1,B
2021-06-23T10:55:16,200.0,50.1,B
2021-06-23T10:55:11,100.0,50.0,S
2021-06-23T10:54:47,3000.0,50.0,S
2021-06-23T10:54:44,1000.0,50.1,B
2021-06-23T10:54:38,100.0,50.1,B
2021-06-23T10:54:30,200.0,50.1,B
2021-06-23T10:54:25,300.0,50.1,S
2021-06-23T10:54:20,600.0,50.1,S
2021-06-23T10:53:53,1000.0,50.1,S
2021-06-23T10:53:49,34300.0,50.0,S
2021-06-23T10:53:49,500.0,50.0,S
2021-06-23T10:53:48,12700.0,50.0,S
2021-06-23T10:53:48,10900.0,50.0,S
2021-06-23T10:53:48,1200.0,50.1,S
2021-06-23T10:53:48,5700.0,50.1,S
2021-06-23T10:53:48,400.0,50.1,S
2021-06-23T10:53:48,700.0,50.1,S
2021-06-23T10:53:48,2300.0,50.1,S
2021-06-23T10:53:48,6900.0,50.1,S
2021-06-23T10:53:48,4600.0,50.1,S
2021-06-23T10:53:48,10500.0,50.1,S
2021-06-23T10:53:48,1000.0,50.1,S
2021-06-23T10:53:47,7900.0,50.1,S
2021-06-23T10:53:47,1000.0,50.1,S
2021-06-23T10:53:47,5100.0,50.1,S
2021-06-23T10:53:47,3800.0,50.1,S
2021-06-23T10:53:47,2100.0,50.1,S
2021-06-23T10:53:47,3000.0,50.1,S
2021-06-23T10:53:47,1500.0,50.1,S
2021-06-23T10:53:47,1500.0,50.1,S
2021-06-23T10:53:46,32400.0,50.1,S
2021-06-23T10:53:36,300.0,50.1,S
2021-06-23T10:53:28,1000.0,50.1,S
2021-06-23T10:53:17,500.0,50.2,B
2021-06-23T10:53:06,200.0,50.2,B
2021-06-23T10:53:04,600.0,50.1,S
2021-06-23T10:52:55,200.0,50.2,B
2021-06-23T10:52:50,3000.0,50.1,S
2021-06-23T10:52:29,1000.0,50.2,B
2021-06-23T10:52:29,5000.0,50.2,B
2021-06-23T10:52:28,200.0,50.2,B
2021-06-23T10:52:23,100.0,50.2,B
2021-06-23T10:52:15,200.0,50.2,B
2021-06-23T10:52:07,500.0,50.1,S
2021-06-23T10:51:59,30000.0,50.2,B
2021-06-23T10:51:48,4200.0,50.1,S
2021-06-23T10:51:48,1200.0,50.1,S
2021-06-23T10:51:48,1000.0,50.1,S
2021-06-23T10:51:48,600.0,50.1,S
2021-06-23T10:51:47,7000.0,50.1,S
2021-06-23T10:51:47,300.0,50.1,S
2021-06-23T10:51:33,300.0,50.1,S
2021-06-23T10:51:28,100.0,50.1,S
2021-06-23T10:51:18,1800.0,50.2,B
2021-06-23T10:51:11,300.0,50.1,S
2021-06-23T10:51:08,200.0,50.1,S
2021-06-23T10:51:06,200.0,50.2,B
2021-06-23T10:50:52,200.0,50.2,B
2021-06-23T10:50:43,1100.0,50.2,S
2021-06-23T10:50:39,15000.0,50.1,S
2021-06-23T10:50:30,200.0,50.2,S
2021-06-23T10:50:26,100.0,50.2,S
2021-06-23T10:50:26,1000.0,50.2,S
2021-06-23T10:50:24,7000.0,50.2,S
2021-06-23T10:50:24,1000.0,50.2,S
2021-06-23T10:50:24,500.0,50.2,S
2021-06-23T10:50:24,200.0,50.2,S
2021-06-23T10:50:24,1500.0,50.2,S
2021-06-23T10:50:24,1500.0,50.2,S
2021-06-23T10:50:24,600.0,50.2,S
2021-06-23T10:50:24,700.0,50.2,S
2021-06-23T10:50:24,4300.0,50.2,S
2021-06-23T10:50:24,1500.0,50.2,S
2021-06-23T10:50:24,400.0,50.2,S
2021-06-23T10:50:24,1200.0,50.2,S
2021-06-23T10:50:24,1200.0,50.2,S
2021-06-23T10:50:24,400.0,50.2,S
2021-06-23T10:50:23,3100.0,50.2,S
2021-06-23T10:50:23,700.0,50.2,S
2021-06-23T10:50:23,1000.0,50.2,S
2021-06-23T10:50:23,3200.0,50.2,S
2021-06-23T10:50:23,100.0,50.2,S
2021-06-23T10:50:23,3000.0,50.2,S
2021-06-23T10:50:23,500.0,50.2,S
2021-06-23T10:50:23,2200.0,50.2,S
2021-06-23T10:50:23,2100.0,50.2,S
2021-06-23T10:50:23,700.0,50.2,S
2021-06-23T10:50:23,7300.0,50.2,S
2021-06-23T10:50:18,300.0,50.2,S
2021-06-23T10:50:18,200.0,50.2,S
2021-06-23T10:50:01,3900.0,50.2,S
2021-06-23T10:50:01,3100.0,50.2,S
2021-06-23T10:49:59,1000.0,50.3,S
2021-06-23T10:49:50,400.0,50.3,S
2021-06-23T10:49:47,2000.0,50.3,S
2021-06-23T10:49:42,100.0,50.3,S
2021-06-23T10:49:41,900.0,50.3,S
2021-06-23T10:49:41,1800.0,50.3,S
2021-06-23T10:49:41,3200.0,50.3,S
2021-06-23T10:49:40,10900.0,50.3,S
2021-06-23T10:49:40,2300.0,50.3,S
2021-06-23T10:49:40,700.0,50.3,S
2021-06-23T10:49:40,1300.0,50.3,S
2021-06-23T10:49:38,300.0,50.3,S
2021-06-23T10:49:38,100.0,50.3,S
2021-06-23T10:49:33,500.0,50.3,S
2021-06-23T10:49:25,2000.0,50.3,S
2021-06-23T10:49:16,700.0,50.3,S
2021-06-23T10:49:16,1100.0,50.3,S
2021-06-23T10:49:16,1700.0,50.3,S
2021-06-23T10:49:15,6500.0,50.3,S
2021-06-23T10:49:13,4700.0,50.3,S
2021-06-23T10:49:13,4300.0,50.3,S
2021-06-23T10:49:09,400.0,50.3,S
2021-06-23T10:49:06,1000.0,50.3,S
2021-06-23T10:49:06,1200.0,50.3,S
2021-06-23T10:48:59,1000.0,50.3,S
2021-06-23T10:48:58,2400.0,50.3,S
2021-06-23T10:48:46,500.0,50.3,S
2021-06-23T10:48:44,100.0,50.3,S
2021-06-23T10:48:39,400.0,50.3,S
2021-06-23T10:48:34,100.0,50.3,S
2021-06-23T10:48:33,300.0,50.3,S
2021-06-23T10:48:33,100.0,50.3,S
2021-06-23T10:48:33,1600.0,50.3,S
2021-06-23T10:48:14,200.0,50.3,S
2021-06-23T10:48:10,100.0,50.4,B
2021-06-23T10:48:00,400.0,50.3,S
2021-06-23T10:47:59,700.0,50.4,B
2021-06-23T10:47:54,300.0,50.4,B
2021-06-23T10:47:33,200.0,50.4,B
2021-06-23T10:47:28,300.0,50.3,S
2021-06-23T10:47:04,200.0,50.4,S
2021-06-23T10:47:02,3200.0,50.4,S
2021-06-23T10:47:01,3300.0,50.4,S
2021-06-23T10:46:57,500.0,50.4,S
2021-06-23T10:46:47,300.0,50.4,S
2021-06-23T10:46:42,1000.0,50.4,S
2021-06-23T10:46:42,100.0,50.5,B
2021-06-23T10:46:35,100.0,50.4,S
2021-06-23T10:46:34,3600.0,50.4,S
2021-06-23T10:46:34,900.0,50.4,S
2021-06-23T10:46:34,8500.0,50.4,S
2021-06-23T10:46:30,300.0,50.4,S
2021-06-23T10:46:30,1600.0,50.4,S
2021-06-23T10:46:19,300.0,50.4,S
2021-06-23T10:46:18,500.0,50.4,S
2021-06-23T10:46:16,1400.0,50.5,B
2021-06-23T10:46:16,400.0,50.5,B
2021-06-23T10:46:16,500.0,50.5,B
2021-06-23T10:46:16,3600.0,50.5,B
2021-06-23T10:46:16,6100.0,50.5,B
2021-06-23T10:46:16,700.0,50.5,B
2021-06-23T10:46:16,100.0,50.5,B
2021-06-23T10:46:16,300.0,50.5,B
2021-06-23T10:46:16,51800.0,50.5,B
2021-06-23T10:46:16,1200.0,50.5,B
2021-06-23T10:46:16,400.0,50.5,B
2021-06-23T10:46:16,1500.0,50.5,B
2021-06-23T10:46:16,3100.0,50.5,B
2021-06-23T10:46:16,13000.0,50.5,B
2021-06-23T10:46:16,8500.0,50.5,B
2021-06-23T10:46:15,400.0,50.5,B
2021-06-23T10:46:15,1000.0,50.5,B
2021-06-23T10:46:15,2700.0,50.5,B
2021-06-23T10:46:15,3300.0,50.5,B
2021-06-23T10:46:13,400.0,50.5,B
2021-06-23T10:46:10,400.0,50.4,S
2021-06-23T10:46:10,2000.0,50.4,S
2021-06-23T10:46:10,900.0,50.4,S
2021-06-23T10:46:10,1700.0,50.4,S
2021-06-23T10:46:03,2900.0,50.4,S
2021-06-23T10:46:03,100.0,50.4,S
2021-06-23T10:45:51,3000.0,50.4,S
2021-06-23T10:45:48,300.0,50.4,S
2021-06-23T10:45:48,1000.0,50.4,S
2021-06-23T10:45:46,800.0,50.4,S
2021-06-23T10:45:46,800.0,50.4,S
2021-06-23T10:45:46,400.0,50.4,S
2021-06-23T10:45:40,100.0,50.5,B
2021-06-23T10:45:34,100.0,50.5,B
2021-06-23T10:45:31,1000.0,50.4,S
2021-06-23T10:45:31,7100.0,50.4,S
2021-06-23T10:45:29,100.0,50.5,B
2021-06-23T10:45:24,100.0,50.5,B
2021-06-23T10:45:19,500.0,50.4,S
2021-06-23T10:45:14,500.0,50.5,B
2021-06-23T10:45:13,100.0,50.5,B
2021-06-23T10:45:12,2000.0,50.5,B
2021-06-23T10:44:58,400.0,50.4,S
2021-06-23T10:44:50,1000.0,50.4,S
2021-06-23T10:44:48,10000.0,50.5,B
2021-06-23T10:44:48,7800.0,50.4,S
2021-06-23T10:44:48,400.0,50.4,S
2021-06-23T10:44:48,1800.0,50.4,S
2021-06-23T10:44:41,2100.0,50.4,S
2021-06-23T10:44:41,300.0,50.4,S
2021-06-23T10:44:41,3800.0,50.4,S
2021-06-23T10:44:34,800.0,50.4,S
2021-06-23T10:44:34,400.0,50.4,S
2021-06-23T10:44:34,6800.0,50.4,S
2021-06-23T10:44:29,1700.0,50.5,B
2021-06-23T10:44:29,100.0,50.5,B
2021-06-23T10:44:29,10000.0,50.5,B
2021-06-23T10:44:28,12000.0,50.5,B
2021-06-23T10:44:14,400.0,50.5,B
2021-06-23T10:44:07,10000.0,50.4,S
2021-06-23T10:44:06,300.0,50.4,S
2021-06-23T10:44:06,500.0,50.4,S
2021-06-23T10:44:05,3000.0,50.4,S
2021-06-23T10:44:04,1700.0,50.4,S
2021-06-23T10:43:58,1000.0,50.4,S
2021-06-23T10:43:57,600.0,50.5,B
2021-06-23T10:43:54,300.0,50.4,S
2021-06-23T10:43:53,10000.0,50.4,S
2021-06-23T10:43:44,2000.0,50.4,S
2021-06-23T10:43:30,500.0,50.5,B
2021-06-23T10:43:21,100.0,50.4,S
2021-06-23T10:43:18,800.0,50.4,S
2021-06-23T10:43:18,500.0,50.4,S
2021-06-23T10:43:13,1000.0,50.4,S
2021-06-23T10:43:08,800.0,50.4,S
2021-06-23T10:43:04,2100.0,50.4,S
2021-06-23T10:42:53,200.0,50.4,S
2021-06-23T10:42:48,1000.0,50.4,S
2021-06-23T10:42:46,1000.0,50.5,B
2021-06-23T10:42:42,200.0,50.4,S
2021-06-23T10:42:40,10000.0,50.4,S
2021-06-23T10:42:38,3000.0,50.4,S
2021-06-23T10:42:35,5000.0,50.5,B
2021-06-23T10:42:29,8000.0,50.4,S
2021-06-23T10:42:09,500.0,50.4,S
2021-06-23T10:42:03,100.0,50.4,S
2021-06-23T10:42:00,1000.0,50.5,B
2021-06-23T10:41:59,200.0,50.5,B
2021-06-23T10:41:58,300.0,50.5,B
2021-06-23T10:41:52,1000.0,50.5,B
2021-06-23T10:41:50,8000.0,50.4,S
2021-06-23T10:41:49,1000.0,50.4,S
2021-06-23T10:41:32,300.0,50.5,B
2021-06-23T10:41:23,5000.0,50.5,B
2021-06-23T10:41:21,500.0,50.4,S
2021-06-23T10:41:18,100.0,50.5,B
2021-06-23T10:41:08,2000.0,50.4,S
2021-06-23T10:41:06,500.0,50.4,S
2021-06-23T10:41:06,300.0,50.4,S
2021-06-23T10:41:06,7500.0,50.4,S
2021-06-23T10:41:06,100.0,50.4,S
2021-06-23T10:41:06,2100.0,50.4,S
2021-06-23T10:40:49,1000.0,50.5,B
2021-06-23T10:40:47,500.0,50.4,S
2021-06-23T10:40:24,1000.0,50.4,S
2021-06-23T10:40:17,200.0,50.4,S
2021-06-23T10:40:13,1000.0,50.4,S
2021-06-23T10:40:01,500.0,50.4,S
2021-06-23T10:39:41,500.0,50.4,S
2021-06-23T10:39:40,1000.0,50.5,B
2021-06-23T10:39:37,1000.0,50.5,B
2021-06-23T10:39:35,300.0,50.5,B
2021-06-23T10:39:33,200.0,50.5,B
2021-06-23T10:39:26,1000.0,50.5,B
2021-06-23T10:39:26,1800.0,50.5,B
2021-06-23T10:39:14,2000.0,50.5,B
2021-06-23T10:39:10,500.0,50.5,B
2021-06-23T10:39:10,5000.0,50.5,B
2021-06-23T10:39:02,3000.0,50.5,B
2021-06-23T10:39:00,1000.0,50.5,B
2021-06-23T10:38:55,100.0,50.5,B
2021-06-23T10:38:51,3100.0,50.5,S
2021-06-23T10:38:51,700.0,50.5,S
2021-06-23T10:38:43,500.0,50.5,S
2021-06-23T10:38:42,10300.0,50.5,S
2021-06-23T10:38:25,2000.0,50.5,S
2021-06-23T10:38:20,10000.0,50.6,B
2021-06-23T10:38:12,100.0,50.5,S
2021-06-23T10:37:58,5100.0,50.5,S
2021-06-23T10:37:58,4900.0,50.5,S
2021-06-23T10:37:53,200.0,50.6,B
2021-06-23T10:37:50,500.0,50.5,S
2021-06-23T10:37:49,2000.0,50.5,S
2021-06-23T10:37:48,2000.0,50.6,B
2021-06-23T10:37:46,700.0,50.5,S
2021-06-23T10:37:46,1100.0,50.5,S
2021-06-23T10:37:45,200.0,50.5,S
2021-06-23T10:37:45,5000.0,50.6,B
2021-06-23T10:37:38,100.0,50.5,S
2021-06-23T10:37:36,1800.0,50.6,B
2021-06-23T10:37:34,2500.0,50.5,S
2021-06-23T10:37:33,5000.0,50.6,B
2021-06-23T10:37:33,500.0,50.5,S
2021-06-23T10:37:28,1800.0,50.6,B
2021-06-23T10:37:24,500.0,50.5,S
2021-06-23T10:37:23,200.0,50.5,S
2021-06-23T10:37:23,9800.0,50.5,S
2021-06-23T10:37:18,1000.0,50.6,B
2021-06-23T10:37:18,21000.0,50.5,S
2021-06-23T10:37:18,200.0,50.5,S
2021-06-23T10:37:12,600.0,50.5,S
2021-06-23T10:37:09,400.0,50.5,S
2021-06-23T10:37:09,10000.0,50.5,S
2021-06-23T10:36:58,300.0,50.5,S
2021-06-23T10:36:57,300.0,50.5,S
2021-06-23T10:36:41,15000.0,50.5,S
2021-06-23T10:36:36,1000.0,50.5,S
2021-06-23T10:36:33,400.0,50.5,S
2021-06-23T10:36:20,500.0,50.5,S
2021-06-23T10:36:15,300.0,50.5,S
2021-06-23T10:36:10,600.0,50.6,B
2021-06-23T10:36:00,100.0,50.5,S
2021-06-23T10:35:47,1000.0,50.5,B
2021-06-23T10:35:40,100.0,50.5,B
2021-06-23T10:35:36,500.0,50.4,S
2021-06-23T10:35:36,9700.0,50.4,S
2021-06-23T10:35:35,10300.0,50.5,S
2021-06-23T10:35:35,300.0,50.6,B
2021-06-23T10:35:31,100.0,50.5,S
2021-06-23T10:35:28,100.0,50.5,B
2021-06-23T10:35:28,300.0,50.5,B
2021-06-23T10:35:28,200.0,50.5,B
2021-06-23T10:35:28,18800.0,50.5,B
2021-06-23T10:35:26,200.0,50.5,B
2021-06-23T10:35:16,16000.0,50.5,B
2021-06-23T10:35:11,300.0,50.5,B
2021-06-23T10:35:07,1000.0,50.5,B
2021-06-23T10:34:49,3000.0,50.4,S
2021-06-23T10:34:46,5000.0,50.5,B
2021-06-23T10:34:43,1000.0,50.5,B
2021-06-23T10:34:41,300.0,50.5,B
2021-06-23T10:34:39,300.0,50.5,B
2021-06-23T10:34:25,1500.0,50.5,B
2021-06-23T10:34:20,300.0,50.5,B
2021-06-23T10:34:12,200.0,50.5,B
2021-06-23T10:34:10,100.0,50.5,B
2021-06-23T10:34:03,100.0,50.5,B
2021-06-23T10:33:49,500.0,50.5,B
2021-06-23T10:33:40,9200.0,50.5,B
2021-06-23T10:33:40,800.0,50.5,B
2021-06-23T10:33:38,2900.0,50.5,B
2021-06-23T10:33:38,1500.0,50.5,B
2021-06-23T10:33:38,6400.0,50.5,B
2021-06-23T10:33:38,3400.0,50.5,B
2021-06-23T10:33:38,5800.0,50.5,B
2021-06-23T10:33:34,1000.0,50.5,B
2021-06-23T10:33:03,4600.0,50.5,B
2021-06-23T10:33:03,400.0,50.5,B
2021-06-23T10:33:01,6000.0,50.5,B
2021-06-23T10:32:54,6000.0,50.4,S
2021-06-23T10:32:54,20000.0,50.5,B
2021-06-23T10:32:52,900.0,50.5,B
2021-06-23T10:32:51,100.0,50.5,B
2021-06-23T10:32:47,100.0,50.5,B
2021-06-23T10:32:42,200.0,50.5,B
2021-06-23T10:32:39,3000.0,50.5,B
2021-06-23T10:32:37,100.0,50.5,B
2021-06-23T10:32:34,3900.0,50.5,B
2021-06-23T10:32:33,5000.0,50.5,B
2021-06-23T10:32:30,2100.0,50.5,B
2021-06-23T10:32:27,1000.0,50.5,B
2021-06-23T10:32:25,7000.0,50.5,B
2021-06-23T10:32:22,2000.0,50.5,B
2021-06-23T10:32:19,1000.0,50.5,B
2021-06-23T10:32:17,100.0,50.4,S
2021-06-23T10:32:16,6000.0,50.5,B
2021-06-23T10:32:08,700.0,50.5,B
2021-06-23T10:32:07,100.0,50.5,B
2021-06-23T10:32:05,1200.0,50.5,B
2021-06-23T10:32:05,2400.0,50.5,B
2021-06-23T10:31:55,1100.0,50.5,B
2021-06-23T10:31:55,1000.0,50.5,B
2021-06-23T10:31:55,1000.0,50.5,B
2021-06-23T10:31:55,1000.0,50.5,B
2021-06-23T10:31:55,1400.0,50.5,B
2021-06-23T10:31:55,100.0,50.5,B
2021-06-23T10:31:55,4500.0,50.5,B
2021-06-23T10:31:55,200.0,50.5,B
2021-06-23T10:31:55,1200.0,50.5,B
2021-06-23T10:31:55,1000.0,50.5,B
2021-06-23T10:31:55,500.0,50.5,B
2021-06-23T10:31:55,2000.0,50.5,B
2021-06-23T10:31:55,10000.0,50.5,B
2021-06-23T10:31:55,1800.0,50.5,B
2021-06-23T10:31:55,100.0,50.5,B
2021-06-23T10:31:55,5500.0,50.5,B
2021-06-23T10:31:55,400.0,50.5,B
2021-06-23T10:31:55,17200.0,50.5,B
2021-06-23T10:31:51,500.0,50.5,B
2021-06-23T10:31:45,100.0,50.5,B
2021-06-23T10:31:44,2500.0,50.5,B
2021-06-23T10:31:30,500.0,50.5,B
2021-06-23T10:31:25,3400.0,50.5,B
2021-06-23T10:31:06,500.0,50.5,B
2021-06-23T10:31:06,4000.0,50.5,B
2021-06-23T10:30:59,1800.0,50.5,B
2021-06-23T10:30:59,500.0,50.5,B
2021-06-23T10:30:36,2000.0,50.5,B
2021-06-23T10:30:34,1000.0,50.5,B
2021-06-23T10:30:32,5300.0,50.5,B
2021-06-23T10:30:29,2000.0,50.5,B
2021-06-23T10:30:29,100.0,50.5,B
2021-06-23T10:30:28,1000.0,50.5,B
2021-06-23T10:30:25,5000.0,50.5,B
2021-06-23T10:30:23,500.0,50.5,B
2021-06-23T10:30:20,1000.0,50.5,B
2021-06-23T10:30:09,100.0,50.5,B
2021-06-23T10:30:06,21500.0,50.5,B
2021-06-23T10:29:57,600.0,50.5,B
2021-06-23T10:29:57,700.0,50.5,B
2021-06-23T10:29:57,2700.0,50.5,B
2021-06-23T10:29:45,500.0,50.5,B
2021-06-23T10:29:39,100.0,50.4,S
2021-06-23T10:29:38,2000.0,50.5,B
2021-06-23T10:29:35,6000.0,50.5,B
2021-06-23T10:29:35,1500.0,50.4,S
2021-06-23T10:29:33,500.0,50.4,S
2021-06-23T10:29:32,2500.0,50.5,B
2021-06-23T10:29:04,7100.0,50.4,S
2021-06-23T10:28:45,3300.0,50.4,S
2021-06-23T10:28:40,2000.0,50.5,B
2021-06-23T10:28:34,2500.0,50.5,B
2021-06-23T10:28:31,10000.0,50.5,B
2021-06-23T10:28:24,300.0,50.4,S
2021-06-23T10:28:21,2000.0,50.4,S
2021-06-23T10:28:21,10000.0,50.5,B
2021-06-23T10:28:16,1000.0,50.5,B
2021-06-23T10:28:16,7700.0,50.5,B
2021-06-23T10:27:50,3100.0,50.5,B
2021-06-23T10:27:45,2000.0,50.4,S
2021-06-23T10:27:32,100.0,50.5,B
2021-06-23T10:27:26,50000.0,50.5,B
2021-06-23T10:27:18,400.0,50.4,B
2021-06-23T10:27:13,1000.0,50.4,B
2021-06-23T10:27:12,2900.0,50.4,B
2021-06-23T10:27:09,1000.0,50.4,B
2021-06-23T10:27:08,300.0,50.4,B
2021-06-23T10:27:06,100.0,50.4,B
2021-06-23T10:26:57,300.0,50.4,B
2021-06-23T10:26:57,2000.0,50.3,S
2021-06-23T10:26:57,2600.0,50.3,S
2021-06-23T10:26:57,1800.0,50.3,S
2021-06-23T10:26:57,200.0,50.3,S
2021-06-23T10:26:55,1200.0,50.3,S
2021-06-23T10:26:55,100.0,50.3,S
2021-06-23T10:26:55,2900.0,50.3,S
2021-06-23T10:26:55,3000.0,50.3,S
2021-06-23T10:26:55,3500.0,50.3,S
2021-06-23T10:26:55,2700.0,50.3,S
2021-06-23T10:26:49,1000.0,50.4,B
2021-06-23T10:26:49,1000.0,50.4,B
2021-06-23T10:26:35,500.0,50.4,B
2021-06-23T10:26:33,100.0,50.4,B
2021-06-23T10:26:32,1000.0,50.4,B
2021-06-23T10:26:10,1400.0,50.4,B
2021-06-23T10:26:10,2300.0,50.4,B
2021-06-23T10:26:08,100.0,50.4,B
2021-06-23T10:26:05,200.0,50.4,B
2021-06-23T10:26:03,200.0,50.4,B
2021-06-23T10:25:32,100.0,50.4,B
2021-06-23T10:25:30,1000.0,50.4,B
2021-06-23T10:25:29,3000.0,50.4,B
2021-06-23T10:25:22,100.0,50.4,B
2021-06-23T10:25:21,300.0,50.4,B
2021-06-23T10:25:16,500.0,50.4,B
2021-06-23T10:25:08,500.0,50.4,S
2021-06-23T10:25:01,3500.0,50.4,S
2021-06-23T10:25:01,1000.0,50.4,S
2021-06-23T10:25:01,1300.0,50.4,S
2021-06-23T10:25:01,100.0,50.4,S
2021-06-23T10:25:01,600.0,50.4,S
2021-06-23T10:24:36,500.0,50.4,S
2021-06-23T10:24:23,30000.0,50.4,S
2021-06-23T10:24:23,100.0,50.5,B
2021-06-23T10:24:14,200.0,50.4,S
2021-06-23T10:24:14,200.0,50.4,S
2021-06-23T10:24:12,1000.0,50.4,S
2021-06-23T10:24:10,1800.0,50.5,B
2021-06-23T10:23:58,800.0,50.4,S
2021-06-23T10:23:57,7000.0,50.4,S
2021-06-23T10:23:53,3000.0,50.5,B
2021-06-23T10:23:47,1000.0,50.4,S
2021-06-23T10:23:44,100.0,50.4,S
2021-06-23T10:23:39,100.0,50.4,S
2021-06-23T10:23:36,100.0,50.4,S
2021-06-23T10:23:30,3000.0,50.3,S
2021-06-23T10:23:27,600.0,50.4,S
2021-06-23T10:23:27,1400.0,50.4,S
2021-06-23T10:23:12,100.0,50.4,S
2021-06-23T10:22:58,300.0,50.4,S
2021-06-23T10:22:58,300.0,50.4,S
2021-06-23T10:22:44,1000.0,50.3,S
2021-06-23T10:22:38,300.0,50.4,B
2021-06-23T10:22:38,200.0,50.4,B
2021-06-23T10:22:33,1800.0,50.4,B
2021-06-23T10:22:33,20000.0,50.4,B
2021-06-23T10:22:32,5000.0,50.4,B
2021-06-23T10:22:27,500.0,50.4,B
2021-06-23T10:22:27,3000.0,50.4,B
2021-06-23T10:22:26,100.0,50.4,B
2021-06-23T10:22:26,300.0,50.4,B
2021-06-23T10:22:16,100.0,50.4,B
2021-06-23T10:22:11,500.0,50.4,S
2021-06-23T10:22:09,1900.0,50.3,S
2021-06-23T10:22:09,100.0,50.3,S
2021-06-23T10:22:09,400.0,50.3,S
2021-06-23T10:22:09,600.0,50.3,S
2021-06-23T10:22:09,800.0,50.4,S
2021-06-23T10:22:09,2500.0,50.4,S
2021-06-23T10:22:09,1000.0,50.4,S
2021-06-23T10:22:09,6300.0,50.4,S
2021-06-23T10:22:09,500.0,50.4,S
2021-06-23T10:22:09,1000.0,50.4,S
2021-06-23T10:22:09,7600.0,50.4,S
2021-06-23T10:22:07,300.0,50.5,B
2021-06-23T10:22:05,50000.0,50.4,S
2021-06-23T10:21:59,100.0,50.4,S
2021-06-23T10:21:51,100.0,50.5,B
2021-06-23T10:21:50,1000.0,50.5,B
2021-06-23T10:21:43,400.0,50.4,S
2021-06-23T10:21:43,100.0,50.4,S
2021-06-23T10:21:41,500.0,50.5,B
2021-06-23T10:21:37,100.0,50.5,B
2021-06-23T10:21:23,100.0,50.5,B
2021-06-23T10:21:20,400.0,50.5,B
2021-06-23T10:21:15,100.0,50.5,B
2021-06-23T10:21:15,500.0,50.5,B
2021-06-23T10:21:06,100.0,50.5,B
2021-06-23T10:21:04,1200.0,50.5,B
2021-06-23T10:21:03,3000.0,50.5,B
2021-06-23T10:21:02,200.0,50.5,B
2021-06-23T10:20:53,3000.0,50.5,B
2021-06-23T10:20:52,2000.0,50.5,B
2021-06-23T10:20:48,200.0,50.5,B
2021-06-23T10:20:43,500.0,50.5,S
2021-06-23T10:20:43,900.0,50.5,S
2021-06-23T10:20:43,3300.0,50.5,S
2021-06-23T10:20:41,100.0,50.6,B
2021-06-23T10:20:37,300.0,50.5,S
2021-06-23T10:20:37,400.0,50.6,B
2021-06-23T10:20:35,5600.0,50.6,B
2021-06-23T10:20:34,10000.0,50.6,B
2021-06-23T10:20:33,900.0,50.6,B
2021-06-23T10:20:28,200.0,50.5,S
2021-06-23T10:20:26,1200.0,50.5,S
2021-06-23T10:20:26,2100.0,50.5,S
2021-06-23T10:20:26,100.0,50.5,S
2021-06-23T10:20:26,6600.0,50.5,S
2021-06-23T10:20:24,200.0,50.6,B
2021-06-23T10:20:24,100.0,50.6,B
2021-06-23T10:20:21,3000.0,50.6,B
2021-06-23T10:20:19,200.0,50.5,S
2021-06-23T10:20:16,100.0,50.5,S
2021-06-23T10:20:16,2000.0,50.5,S
2021-06-23T10:20:16,3000.0,50.5,S
2021-06-23T10:20:16,11100.0,50.5,S
2021-06-23T10:20:16,8400.0,50.5,S
2021-06-23T10:20:16,13100.0,50.5,S
2021-06-23T10:20:16,2300.0,50.5,S
2021-06-23T10:20:16,100.0,50.6,B
2021-06-23T10:20:14,2000.0,50.6,B
2021-06-23T10:20:13,100.0,50.6,B
2021-06-23T10:20:12,200.0,50.6,B
2021-06-23T10:20:11,500.0,50.6,B
2021-06-23T10:20:11,4000.0,50.6,B
2021-06-23T10:20:10,500.0,50.6,B
2021-06-23T10:20:09,300.0,50.6,B
2021-06-23T10:20:08,400.0,50.6,B
2021-06-23T10:20:06,1900.0,50.6,B
2021-06-23T10:19:57,200.0,50.6,B
2021-06-23T10:19:53,100.0,50.6,B
2021-06-23T10:19:49,2200.0,50.6,B
2021-06-23T10:19:49,7800.0,50.6,B
2021-06-23T10:19:49,2500.0,50.6,B
2021-06-23T10:19:49,400.0,50.6,B
2021-06-23T10:19:48,300.0,50.6,B
2021-06-23T10:19:47,900.0,50.6,B
2021-06-23T10:19:40,1400.0,50.6,B
2021-06-23T10:19:40,600.0,50.6,B
2021-06-23T10:19:38,700.0,50.6,B
2021-06-23T10:19:35,1100.0,50.6,B
2021-06-23T10:19:27,500.0,50.6,B
2021-06-23T10:19:17,1000.0,50.6,S
2021-06-23T10:19:17,1800.0,50.6,S
2021-06-23T10:19:17,4300.0,50.6,S
2021-06-23T10:19:16,500.0,50.7,B
2021-06-23T10:19:15,2500.0,50.7,B
2021-06-23T10:19:14,1500.0,50.7,B
2021-06-23T10:19:07,100.0,50.6,S
2021-06-23T10:18:58,400.0,50.6,B
2021-06-23T10:18:58,900.0,50.6,B
2021-06-23T10:18:58,8700.0,50.6,B
2021-06-23T10:18:58,100.0,50.6,B
2021-06-23T10:18:55,100.0,50.6,B
2021-06-23T10:18:55,500.0,50.6,B
2021-06-23T10:18:43,200.0,50.6,B
2021-06-23T10:18:40,100.0,50.6,B
2021-06-23T10:18:40,1100.0,50.6,B
2021-06-23T10:18:34,2000.0,50.6,B
2021-06-23T10:18:30,5000.0,50.6,B
2021-06-23T10:18:30,1000.0,50.6,B
2021-06-23T10:18:18,500.0,50.6,B
2021-06-23T10:18:18,900.0,50.6,B
2021-06-23T10:18:18,600.0,50.6,B
2021-06-23T10:18:15,8000.0,50.6,B
2021-06-23T10:18:15,1000.0,50.6,B
2021-06-23T10:18:05,5000.0,50.6,B
2021-06-23T10:18:04,1000.0,50.6,B
2021-06-23T10:18:04,4800.0,50.6,B
2021-06-23T10:18:03,200.0,50.6,B
2021-06-23T10:18:03,1000.0,50.6,B
2021-06-23T10:18:03,5000.0,50.6,B
2021-06-23T10:18:00,800.0,50.5,S
2021-06-23T10:18:00,300.0,50.6,B
2021-06-23T10:17:55,1500.0,50.6,B
2021-06-23T10:17:54,1000.0,50.6,B
2021-06-23T10:17:48,1500.0,50.6,B
2021-06-23T10:17:44,6000.0,50.6,B
2021-06-23T10:17:42,100.0,50.6,B
2021-06-23T10:17:37,500.0,50.5,S
2021-06-23T10:17:26,26400.0,50.6,B
2021-06-23T10:17:26,1200.0,50.6,B
2021-06-23T10:17:26,600.0,50.6,B
2021-06-23T10:17:25,6100.0,50.6,B
2021-06-23T10:17:25,1700.0,50.6,B
2021-06-23T10:17:25,500.0,50.6,B
2021-06-23T10:17:25,29400.0,50.6,B
2021-06-23T10:17:23,1700.0,50.6,B
2021-06-23T10:17:20,500.0,50.6,B
2021-06-23T10:17:18,1000.0,50.6,B
2021-06-23T10:17:16,100.0,50.5,S
2021-06-23T10:17:14,600.0,50.6,B
2021-06-23T10:17:13,700.0,50.6,B
2021-06-23T10:17:06,2000.0,50.6,B
2021-06-23T10:17:02,9000.0,50.6,B
2021-06-23T10:17:02,1000.0,50.6,B
2021-06-23T10:17:00,15900.0,50.6,B
2021-06-23T10:17:00,100.0,50.6,B
2021-06-23T10:17:00,11000.0,50.6,B
2021-06-23T10:16:50,200.0,50.6,B
2021-06-23T10:16:36,100.0,50.5,S
2021-06-23T10:16:36,9500.0,50.6,B
2021-06-23T10:16:36,400.0,50.6,B
2021-06-23T10:16:36,700.0,50.6,B
2021-06-23T10:16:36,900.0,50.6,B
2021-06-23T10:16:36,100.0,50.6,B
2021-06-23T10:16:36,4500.0,50.6,B
2021-06-23T10:16:36,9900.0,50.6,B
2021-06-23T10:16:36,400.0,50.6,B
2021-06-23T10:16:33,100.0,50.6,B
2021-06-23T10:16:32,100.0,50.6,B
2021-06-23T10:16:22,200.0,50.6,B
2021-06-23T10:16:16,500.0,50.5,S
2021-06-23T10:16:16,1000.0,50.6,B
2021-06-23T10:16:15,500.0,50.6,B
2021-06-23T10:16:10,12300.0,50.6,B
2021-06-23T10:16:10,1500.0,50.6,B
2021-06-23T10:16:08,600.0,50.6,B
2021-06-23T10:16:08,1300.0,50.6,B
2021-06-23T10:16:08,200.0,50.6,B
2021-06-23T10:16:08,900.0,50.6,B
2021-06-23T10:16:06,1600.0,50.5,S
2021-06-23T10:16:05,500.0,50.6,B
2021-06-23T10:16:03,300.0,50.6,B
2021-06-23T10:15:59,5500.0,50.6,B
2021-06-23T10:15:59,300.0,50.6,B
2021-06-23T10:15:59,300.0,50.6,B
2021-06-23T10:15:59,8900.0,50.6,B
2021-06-23T10:15:55,300.0,50.5,S
2021-06-23T10:15:50,200.0,50.6,B
2021-06-23T10:15:50,300.0,50.5,S
2021-06-23T10:15:49,3000.0,50.6,B
2021-06-23T10:15:48,2900.0,50.6,B
2021-06-23T10:15:45,100.0,50.5,S
2021-06-23T10:15:36,400.0,50.6,B
2021-06-23T10:15:36,200.0,50.6,B
2021-06-23T10:15:31,100.0,50.6,B
2021-06-23T10:15:30,500.0,50.6,B
2021-06-23T10:15:29,200.0,50.6,B
2021-06-23T10:15:26,200.0,50.6,B
2021-06-23T10:15:08,200.0,50.6,B
2021-06-23T10:14:54,200.0,50.6,B
2021-06-23T10:14:54,500.0,50.6,B
2021-06-23T10:14:54,9300.0,50.6,B
2021-06-23T10:14:52,200.0,50.5,S
2021-06-23T10:14:44,6000.0,50.6,B
2021-06-23T10:14:44,500.0,50.5,B
2021-06-23T10:14:44,300.0,50.5,B
2021-06-23T10:14:39,1400.0,50.6,B
2021-06-23T10:14:39,1100.0,50.5,B
2021-06-23T10:14:39,7500.0,50.5,B
2021-06-23T10:14:39,1000.0,50.5,B
2021-06-23T10:14:38,300.0,50.5,B
2021-06-23T10:14:38,300.0,50.5,B
2021-06-23T10:14:38,1300.0,50.5,B
2021-06-23T10:14:38,3100.0,50.5,B
2021-06-23T10:14:38,400.0,50.5,B
2021-06-23T10:14:38,7200.0,50.5,B
2021-06-23T10:14:38,3800.0,50.5,B
2021-06-23T10:14:38,1300.0,50.5,B
2021-06-23T10:14:38,3000.0,50.5,B
2021-06-23T10:14:38,2000.0,50.5,B
2021-06-23T10:14:38,2000.0,50.5,B
2021-06-23T10:14:38,1100.0,50.5,B
2021-06-23T10:14:38,3000.0,50.5,B
2021-06-23T10:14:38,200.0,50.5,B
2021-06-23T10:14:38,600.0,50.5,B
2021-06-23T10:14:38,1200.0,50.5,B
2021-06-23T10:14:38,800.0,50.5,B
2021-06-23T10:14:38,3900.0,50.5,B
2021-06-23T10:14:38,3500.0,50.5,B
2021-06-23T10:14:38,7600.0,50.5,B
2021-06-23T10:14:38,100.0,50.5,B
2021-06-23T10:14:38,800.0,50.5,B
2021-06-23T10:14:38,1200.0,50.5,B
2021-06-23T10:14:37,1300.0,50.5,B
2021-06-23T10:14:35,200.0,50.5,B
2021-06-23T10:14:34,200.0,50.5,B
2021-06-23T10:14:34,200.0,50.5,B
2021-06-23T10:14:34,400.0,50.5,B
2021-06-23T10:14:34,500.0,50.5,B
2021-06-23T10:14:34,8700.0,50.5,B
2021-06-23T10:14:34,5100.0,50.5,B
2021-06-23T10:14:34,2500.0,50.5,B
2021-06-23T10:14:34,2400.0,50.5,B
2021-06-23T10:14:33,400.0,50.5,B
2021-06-23T10:14:32,1000.0,50.5,B
2021-06-23T10:14:31,11700.0,50.5,B
2021-06-23T10:14:31,1000.0,50.5,B
2021-06-23T10:14:23,200.0,50.5,B
2021-06-23T10:14:23,2700.0,50.4,S
2021-06-23T10:14:23,4300.0,50.4,S
2021-06-23T10:14:23,2000.0,50.4,S
2021-06-23T10:14:23,10600.0,50.4,S
2021-06-23T10:14:23,400.0,50.4,S
2021-06-23T10:14:22,200.0,50.4,S
2021-06-23T10:14:20,1000.0,50.5,B
2021-06-23T10:14:17,1400.0,50.4,S
2021-06-23T10:14:17,5200.0,50.4,S
2021-06-23T10:14:17,100.0,50.4,S
2021-06-23T10:14:16,2800.0,50.4,S
2021-06-23T10:14:16,600.0,50.5,B
2021-06-23T10:14:16,900.0,50.5,B
2021-06-23T10:14:16,3300.0,50.5,B
2021-06-23T10:14:16,4300.0,50.5,B
2021-06-23T10:14:16,1200.0,50.5,B
2021-06-23T10:14:16,700.0,50.5,B
2021-06-23T10:14:16,11000.0,50.5,B
2021-06-23T10:14:15,39200.0,50.5,B
2021-06-23T10:14:15,1300.0,50.5,B
2021-06-23T10:14:15,400.0,50.5,B
2021-06-23T10:14:15,20700.0,50.5,B
2021-06-23T10:14:15,1300.0,50.5,B
2021-06-23T10:14:15,200.0,50.5,B
2021-06-23T10:14:15,1900.0,50.5,B
2021-06-23T10:14:15,1000.0,50.5,B
2021-06-23T10:14:15,5800.0,50.5,B
2021-06-23T10:14:12,1800.0,50.5,B
2021-06-23T10:14:12,34100.0,50.5,B
2021-06-23T10:14:08,9500.0,50.5,B
2021-06-23T10:14:08,3000.0,50.5,B
2021-06-23T10:14:08,2600.0,50.5,B
2021-06-23T10:14:08,4900.0,50.5,B
2021-06-23T10:14:04,500.0,50.4,S
2021-06-23T10:13:51,1000.0,50.5,B
2021-06-23T10:13:44,500.0,50.5,B
2021-06-23T10:13:43,500.0,50.5,B
2021-06-23T10:13:42,1500.0,50.5,B
2021-06-23T10:13:42,500.0,50.5,B
2021-06-23T10:13:42,2300.0,50.5,B
2021-06-23T10:13:42,900.0,50.5,B
2021-06-23T10:13:42,3500.0,50.5,B
2021-06-23T10:13:42,1100.0,50.5,B
2021-06-23T10:13:42,200.0,50.5,B
2021-06-23T10:13:42,500.0,50.5,B
2021-06-23T10:13:35,3000.0,50.4,S
2021-06-23T10:13:35,800.0,50.5,B
2021-06-23T10:13:32,4000.0,50.5,B
2021-06-23T10:13:30,2000.0,50.5,B
2021-06-23T10:13:24,200.0,50.4,S
2021-06-23T10:13:19,2000.0,50.5,B
2021-06-23T10:12:58,100.0,50.4,S
2021-06-23T10:12:57,100.0,50.5,B
2021-06-23T10:12:54,300.0,50.4,S
2021-06-23T10:12:46,23600.0,50.5,B
2021-06-23T10:12:45,100.0,50.5,B
2021-06-23T10:12:43,19000.0,50.5,B
2021-06-23T10:12:42,200.0,50.5,B
2021-06-23T10:12:33,3100.0,50.4,S
2021-06-23T10:12:25,400.0,50.5,B
2021-06-23T10:12:22,100.0,50.5,B
2021-06-23T10:12:13,800.0,50.5,B
2021-06-23T10:12:08,2500.0,50.5,B
2021-06-23T10:12:08,700.0,50.5,B
2021-06-23T10:12:08,1000.0,50.5,B
2021-06-23T10:12:08,7800.0,50.5,B
2021-06-23T10:12:07,6200.0,50.5,B
2021-06-23T10:11:50,400.0,50.5,B
2021-06-23T10:11:50,3500.0,50.5,B
2021-06-23T10:11:48,5000.0,50.4,S
2021-06-23T10:11:36,2000.0,50.5,B
2021-06-23T10:11:34,700.0,50.5,B
2021-06-23T10:11:31,500.0,50.4,S
2021-06-23T10:11:27,100.0,50.4,S
2021-06-23T10:11:21,3000.0,50.5,B
2021-06-23T10:11:16,2100.0,50.5,B
2021-06-23T10:11:08,700.0,50.5,B
2021-06-23T10:11:03,1700.0,50.5,B
2021-06-23T10:10:51,3000.0,50.5,B
2021-06-23T10:10:49,200.0,50.4,S
2021-06-23T10:10:49,2000.0,50.4,S
2021-06-23T10:10:49,600.0,50.4,S
2021-06-23T10:10:49,7200.0,50.4,S
2021-06-23T10:10:48,500.0,50.4,S
2021-06-23T10:10:39,600.0,50.4,S
2021-06-23T10:10:36,1700.0,50.5,B
2021-06-23T10:10:30,500.0,50.4,S
2021-06-23T10:10:25,10000.0,50.4,S
2021-06-23T10:10:21,300.0,50.5,B
2021-06-23T10:10:16,100.0,50.5,B
2021-06-23T10:10:06,5000.0,50.5,B
2021-06-23T10:09:54,900.0,50.5,B
2021-06-23T10:09:53,3000.0,50.4,S
2021-06-23T10:09:52,10000.0,50.4,S
2021-06-23T10:09:51,1000.0,50.4,S
2021-06-23T10:09:47,2000.0,50.4,S
2021-06-23T10:09:46,1000.0,50.4,S
2021-06-23T10:09:44,5000.0,50.5,B
2021-06-23T10:09:44,1000.0,50.4,S
2021-06-23T10:09:39,100.0,50.4,S
2021-06-23T10:09:35,500.0,50.4,S
2021-06-23T10:09:34,700.0,50.5,B
2021-06-23T10:09:33,600.0,50.5,B
2021-06-23T10:09:26,600.0,50.4,S
2021-06-23T10:09:25,100.0,50.5,B
2021-06-23T10:09:16,4300.0,50.5,B
2021-06-23T10:09:14,300.0,50.5,B
2021-06-23T10:09:04,600.0,50.5,B
2021-06-23T10:08:59,1000.0,50.4,S
2021-06-23T10:08:56,300.0,50.4,S
2021-06-23T10:08:56,900.0,50.5,B
2021-06-23T10:08:54,100.0,50.4,S
2021-06-23T10:08:54,2000.0,50.4,S
2021-06-23T10:08:53,1000.0,50.4,S
2021-06-23T10:08:47,300.0,50.4,S
2021-06-23T10:08:43,600.0,50.5,B
2021-06-23T10:08:39,3000.0,50.4,S
2021-06-23T10:08:22,2700.0,50.4,B
2021-06-23T10:08:18,100.0,50.5,B
2021-06-23T10:08:12,300.0,50.4,B
2021-06-23T10:08:11,2800.0,50.4,B
2021-06-23T10:07:58,2900.0,50.4,S
2021-06-23T10:07:46,300.0,50.4,B
2021-06-23T10:07:46,1000.0,50.4,B
2021-06-23T10:07:46,3900.0,50.4,B
2021-06-23T10:07:44,400.0,50.4,B
2021-06-23T10:07:41,400.0,50.4,B
2021-06-23T10:07:40,500.0,50.4,B
2021-06-23T10:07:39,200.0,50.4,B
2021-06-23T10:07:18,100.0,50.4,S
2021-06-23T10:07:16,1000.0,50.4,S
2021-06-23T10:07:09,3200.0,50.4,S
2021-06-23T10:07:05,1000.0,50.4,S
2021-06-23T10:07:05,2000.0,50.4,S
2021-06-23T10:06:59,800.0,50.5,B
2021-06-23T10:06:59,100.0,50.5,B
2021-06-23T10:06:59,300.0,50.5,B
2021-06-23T10:06:55,500.0,50.4,S
2021-06-23T10:06:51,1000.0,50.4,S
2021-06-23T10:06:51,500.0,50.5,B
2021-06-23T10:06:46,200.0,50.4,S
2021-06-23T10:06:42,9000.0,50.4,B
2021-06-23T10:06:39,100.0,50.5,B
2021-06-23T10:06:39,6600.0,50.4,B
2021-06-23T10:06:30,300.0,50.3,S
2021-06-23T10:06:25,500.0,50.4,S
2021-06-23T10:06:22,300.0,50.4,S
2021-06-23T10:06:22,700.0,50.4,S
2021-06-23T10:06:21,5800.0,50.4,S
2021-06-23T10:06:17,4000.0,50.4,S
2021-06-23T10:06:17,200.0,50.4,S
2021-06-23T10:06:15,100.0,50.4,S
2021-06-23T10:06:15,1100.0,50.4,S
2021-06-23T10:06:15,200.0,50.4,S
2021-06-23T10:06:13,3200.0,50.5,B
2021-06-23T10:06:13,1500.0,50.5,B
2021-06-23T10:06:12,300.0,50.5,B
2021-06-23T10:06:07,1000.0,50.4,S
2021-06-23T10:06:07,1000.0,50.4,S
2021-06-23T10:06:02,1000.0,50.4,S
2021-06-23T10:05:59,500.0,50.4,S
2021-06-23T10:05:58,500.0,50.4,B
2021-06-23T10:05:55,200.0,50.4,B
2021-06-23T10:05:50,10000.0,50.4,B
2021-06-23T10:05:49,2000.0,50.4,B
2021-06-23T10:05:41,3000.0,50.4,B
2021-06-23T10:05:41,1000.0,50.5,B
2021-06-23T10:05:40,1000.0,50.4,B
2021-06-23T10:05:40,3000.0,50.4,B
2021-06-23T10:05:40,6000.0,50.4,B
2021-06-23T10:05:40,12000.0,50.4,B
2021-06-23T10:05:40,100.0,50.4,B
2021-06-23T10:05:40,1300.0,50.4,B
2021-06-23T10:05:40,700.0,50.4,B
2021-06-23T10:05:38,1300.0,50.3,S
2021-06-23T10:05:38,3700.0,50.3,S
2021-06-23T10:05:32,100.0,50.3,S
2021-06-23T10:05:26,100.0,50.4,B
2021-06-23T10:05:18,200.0,50.3,S
2021-06-23T10:05:14,100.0,50.4,B
2021-06-23T10:05:14,300.0,50.4,B
2021-06-23T10:05:13,1600.0,50.3,S
2021-06-23T10:05:13,1100.0,50.3,S
2021-06-23T10:05:13,5600.0,50.3,S
2021-06-23T10:05:13,4500.0,50.3,S
2021-06-23T10:05:12,300.0,50.3,S
2021-06-23T10:05:12,16900.0,50.3,S
2021-06-23T10:05:10,300.0,50.4,B
2021-06-23T10:05:10,700.0,50.4,B
2021-06-23T10:05:10,100.0,50.4,B
2021-06-23T10:05:10,3000.0,50.4,B
2021-06-23T10:05:10,1700.0,50.4,B
2021-06-23T10:05:10,2600.0,50.4,B
2021-06-23T10:05:10,1000.0,50.4,B
2021-06-23T10:05:10,300.0,50.4,B
2021-06-23T10:05:10,1000.0,50.4,B
2021-06-23T10:05:10,10800.0,50.4,B
2021-06-23T10:05:10,8800.0,50.4,B
2021-06-23T10:05:10,500.0,50.4,B
2021-06-23T10:05:06,1000.0,50.3,S
2021-06-23T10:05:05,1000.0,50.3,S
2021-06-23T10:05:01,600.0,50.4,B
2021-06-23T10:04:57,1500.0,50.4,B
2021-06-23T10:04:54,5000.0,50.3,S
2021-06-23T10:04:53,1000.0,50.4,B
2021-06-23T10:04:53,200.0,50.3,S
2021-06-23T10:04:40,100.0,50.4,B
2021-06-23T10:04:40,1000.0,50.4,B
2021-06-23T10:04:31,100.0,50.3,S
2021-06-23T10:03:59,10000.0,50.4,B
2021-06-23T10:03:50,1700.0,50.4,B
2021-06-23T10:03:46,1000.0,50.4,B
2021-06-23T10:03:45,1100.0,50.4,B
2021-06-23T10:03:38,200.0,50.3,S
2021-06-23T10:03:38,500.0,50.4,B
2021-06-23T10:03:30,200.0,50.4,B
2021-06-23T10:03:10,9900.0,50.3,S
2021-06-23T10:03:02,1000.0,50.4,B
2021-06-23T10:02:51,300.0,50.3,S
2021-06-23T10:02:49,200.0,50.3,S
2021-06-23T10:02:43,400.0,50.4,B
2021-06-23T10:02:39,1000.0,50.4,B
2021-06-23T10:02:34,900.0,50.3,S
2021-06-23T10:02:34,4100.0,50.3,S
2021-06-23T10:02:34,3800.0,50.3,S
2021-06-23T10:02:34,3700.0,50.3,S
2021-06-23T10:02:34,3200.0,50.3,S
2021-06-23T10:02:34,1300.0,50.3,S
2021-06-23T10:02:33,700.0,50.3,S
2021-06-23T10:02:33,1600.0,50.3,S
2021-06-23T10:02:33,1300.0,50.3,S
2021-06-23T10:02:33,2100.0,50.3,S
2021-06-23T10:02:33,1400.0,50.3,S
2021-06-23T10:02:33,200.0,50.3,S
2021-06-23T10:02:33,100.0,50.3,S
2021-06-23T10:02:33,5400.0,50.3,S
2021-06-23T10:02:33,200.0,50.3,S
2021-06-23T10:02:32,400.0,50.3,S
2021-06-23T10:02:29,100.0,50.4,B
2021-06-23T10:02:14,100.0,50.4,B
2021-06-23T10:02:09,500.0,50.3,S
2021-06-23T10:02:07,600.0,50.4,B
2021-06-23T10:02:01,1400.0,50.3,S
2021-06-23T10:02:01,3600.0,50.3,S
2021-06-23T10:01:56,100.0,50.4,B
2021-06-23T10:01:45,2900.0,50.3,S
2021-06-23T10:01:41,1300.0,50.4,B
2021-06-23T10:01:39,1000.0,50.3,S
2021-06-23T10:01:35,100.0,50.4,S
2021-06-23T10:01:30,100.0,50.4,S
2021-06-23T10:01:20,100.0,50.4,S
2021-06-23T10:01:19,1000.0,50.4,S
2021-06-23T10:01:09,600.0,50.4,S
2021-06-23T10:01:09,1900.0,50.4,S
2021-06-23T10:01:09,1200.0,50.4,S
2021-06-23T10:00:59,1000.0,50.4,S
2021-06-23T10:00:57,1600.0,50.4,S
2021-06-23T10:00:46,200.0,50.4,S
2021-06-23T10:00:46,4900.0,50.4,S
2021-06-23T10:00:45,200.0,50.4,S
2021-06-23T10:00:43,600.0,50.4,B
2021-06-23T10:00:42,500.0,50.4,B
2021-06-23T10:00:39,200.0,50.3,S
2021-06-23T10:00:39,6000.0,50.3,S
2021-06-23T10:00:39,200.0,50.4,B
2021-06-23T10:00:39,300.0,50.4,B
2021-06-23T10:00:38,200.0,50.4,B
2021-06-23T10:00:38,100.0,50.4,B
2021-06-23T10:00:37,200.0,50.4,B
2021-06-23T10:00:37,1200.0,50.4,B
2021-06-23T10:00:36,100.0,50.4,B
2021-06-23T10:00:31,5000.0,50.4,B
2021-06-23T10:00:29,14000.0,50.4,B
2021-06-23T10:00:25,700.0,50.4,B
2021-06-23T10:00:23,200.0,50.3,S
2021-06-23T10:00:19,2900.0,50.4,B
2021-06-23T10:00:19,1000.0,50.4,B
2021-06-23T10:00:18,300.0,50.4,B
2021-06-23T10:00:16,200.0,50.4,B
2021-06-23T10:00:15,500.0,50.4,B
2021-06-23T10:00:15,300.0,50.4,B
2021-06-23T10:00:14,200.0,50.4,B
2021-06-23T10:00:13,100.0,50.4,B
2021-06-23T10:00:12,100.0,50.4,B
2021-06-23T10:00:10,300.0,50.4,B
2021-06-23T10:00:04,800.0,50.4,B
2021-06-23T10:00:03,1000.0,50.4,B
2021-06-23T10:00:00,3000.0,50.4,B
2021-06-23T09:59:47,600.0,50.4,B
2021-06-23T09:59:38,800.0,50.4,B
2021-06-23T09:59:38,300.0,50.4,B
2021-06-23T09:59:35,1000.0,50.4,B
2021-06-23T09:59:35,100.0,50.4,B
2021-06-23T09:59:30,500.0,50.4,B
2021-06-23T09:59:20,400.0,50.4,B
2021-06-23T09:59:19,11200.0,50.5,B
2021-06-23T09:59:19,700.0,50.5,B
2021-06-23T09:59:19,9900.0,50.5,B
2021-06-23T09:59:14,200.0,50.4,B
2021-06-23T09:59:14,600.0,50.4,B
2021-06-23T09:59:13,1000.0,50.4,B
2021-06-23T09:59:05,1400.0,50.4,S
2021-06-23T09:59:05,400.0,50.4,S
2021-06-23T09:59:05,4600.0,50.4,S
2021-06-23T09:59:03,2000.0,50.4,S
2021-06-23T09:59:02,10000.0,50.4,S
2021-06-23T09:58:55,500.0,50.5,B
2021-06-23T09:58:54,1500.0,50.5,B
2021-06-23T09:58:53,500.0,50.5,B
2021-06-23T09:58:50,600.0,50.5,B
2021-06-23T09:58:44,100.0,50.4,S
2021-06-23T09:58:43,3000.0,50.4,B
2021-06-23T09:58:37,9100.0,50.3,S
2021-06-23T09:58:35,200.0,50.4,B
2021-06-23T09:58:33,700.0,50.4,B
2021-06-23T09:58:28,200.0,50.4,B
2021-06-23T09:58:26,500.0,50.3,S
2021-06-23T09:58:21,1000.0,50.4,B
2021-06-23T09:58:20,400.0,50.4,B
2021-06-23T09:58:18,1600.0,50.5,B
2021-06-23T09:58:17,700.0,50.4,B
2021-06-23T09:58:11,300.0,50.5,B
2021-06-23T09:58:09,600.0,50.5,B
2021-06-23T09:58:09,5000.0,50.4,B
2021-06-23T09:58:03,300.0,50.4,S
2021-06-23T09:57:58,1600.0,50.4,S
2021-06-23T09:57:58,1500.0,50.4,S
2021-06-23T09:57:58,2300.0,50.4,S
2021-06-23T09:57:57,700.0,50.4,S
2021-06-23T09:57:53,5700.0,50.4,S
2021-06-23T09:57:53,4200.0,50.4,S
2021-06-23T09:57:52,400.0,50.4,S
2021-06-23T09:57:52,5000.0,50.4,S
2021-06-23T09:57:50,500.0,50.4,S
2021-06-23T09:57:50,1000.0,50.4,S
2021-06-23T09:57:49,200.0,50.4,S
2021-06-23T09:57:48,10000.0,50.4,S
2021-06-23T09:57:45,700.0,50.5,B
2021-06-23T09:57:45,300.0,50.5,B
2021-06-23T09:57:36,600.0,50.4,B
2021-06-23T09:57:31,1000.0,50.4,B
2021-06-23T09:57:31,200.0,50.5,B
2021-06-23T09:57:30,800.0,50.5,B
2021-06-23T09:57:29,2400.0,50.4,B
2021-06-23T09:57:26,200.0,50.4,B
2021-06-23T09:57:25,1000.0,50.4,B
2021-06-23T09:57:22,200.0,50.4,B
2021-06-23T09:57:20,200.0,50.4,B
2021-06-23T09:57:18,200.0,50.5,B
2021-06-23T09:57:18,100.0,50.5,B
2021-06-23T09:57:16,2000.0,50.4,B
2021-06-23T09:57:16,4600.0,50.4,B
2021-06-23T09:57:16,600.0,50.4,B
2021-06-23T09:57:16,1600.0,50.4,B
2021-06-23T09:57:15,3300.0,50.4,B
2021-06-23T09:57:14,5000.0,50.3,S
2021-06-23T09:57:09,1700.0,50.4,B
2021-06-23T09:57:07,600.0,50.3,S
2021-06-23T09:57:06,200.0,50.4,B
2021-06-23T09:57:03,4800.0,50.4,S
2021-06-23T09:56:59,100.0,50.5,B
2021-06-23T09:56:54,200.0,50.4,S
2021-06-23T09:56:49,200.0,50.5,B
2021-06-23T09:56:46,700.0,50.4,S
2021-06-23T09:56:46,4100.0,50.4,S
2021-06-23T09:56:46,200.0,50.4,S
2021-06-23T09:56:46,100.0,50.4,S
2021-06-23T09:56:46,1200.0,50.4,S
2021-06-23T09:56:46,3700.0,50.4,S
2021-06-23T09:56:45,500.0,50.5,B
2021-06-23T09:56:43,100.0,50.5,B
2021-06-23T09:56:43,500.0,50.5,B
2021-06-23T09:56:43,600.0,50.5,B
2021-06-23T09:56:38,100.0,50.5,B
2021-06-23T09:56:38,1000.0,50.5,B
2021-06-23T09:56:37,1000.0,50.4,S
2021-06-23T09:56:35,1000.0,50.5,B
2021-06-23T09:56:28,500.0,50.5,B
2021-06-23T09:56:28,100.0,50.5,B
2021-06-23T09:56:28,300.0,50.5,B
2021-06-23T09:56:26,1200.0,50.5,B
2021-06-23T09:56:18,400.0,50.5,B
2021-06-23T09:56:10,300.0,50.5,B
2021-06-23T09:56:07,3200.0,50.4,S
2021-06-23T09:56:07,200.0,50.4,S
2021-06-23T09:56:07,26600.0,50.4,S
2021-06-23T09:56:02,1100.0,50.5,B
2021-06-23T09:56:02,100.0,50.5,B
2021-06-23T09:56:00,1800.0,50.5,B
2021-06-23T09:56:00,700.0,50.5,B
2021-06-23T09:56:00,1100.0,50.5,B
2021-06-23T09:56:00,1100.0,50.5,B
2021-06-23T09:56:00,1200.0,50.5,B
2021-06-23T09:55:59,600.0,50.5,B
2021-06-23T09:55:59,400.0,50.5,B
2021-06-23T09:55:59,2900.0,50.5,B
2021-06-23T09:55:59,1200.0,50.5,B
2021-06-23T09:55:59,100.0,50.5,B
2021-06-23T09:55:59,400.0,50.5,B
2021-06-23T09:55:59,2000.0,50.5,B
2021-06-23T09:55:59,1600.0,50.5,B
2021-06-23T09:55:59,1700.0,50.5,B
2021-06-23T09:55:59,700.0,50.5,B
2021-06-23T09:55:59,600.0,50.5,B
2021-06-23T09:55:59,2100.0,50.5,B
2021-06-23T09:55:59,4300.0,50.5,B
2021-06-23T09:55:59,1000.0,50.5,B
2021-06-23T09:55:59,200.0,50.5,B
2021-06-23T09:55:58,26800.0,50.5,B
2021-06-23T09:55:56,2000.0,50.5,B
2021-06-23T09:55:49,2900.0,50.5,B
2021-06-23T09:55:47,1000.0,50.5,B
2021-06-23T09:55:46,500.0,50.5,B
2021-06-23T09:55:39,400.0,50.5,B
2021-06-23T09:55:37,400.0,50.5,B
2021-06-23T09:55:36,18200.0,50.4,S
2021-06-23T09:55:36,1800.0,50.4,S
2021-06-23T09:55:31,10000.0,50.5,B
2021-06-23T09:55:30,1100.0,50.5,B
2021-06-23T09:55:30,3900.0,50.5,B
2021-06-23T09:55:30,1500.0,50.5,B
2021-06-23T09:55:28,1400.0,50.4,S
2021-06-23T09:55:28,1900.0,50.5,B
2021-06-23T09:55:28,1100.0,50.5,B
2021-06-23T09:55:23,10000.0,50.4,S
2021-06-23T09:55:22,2000.0,50.5,B
2021-06-23T09:55:19,200.0,50.5,B
2021-06-23T09:55:15,100.0,50.5,B
2021-06-23T09:55:14,200.0,50.5,B
2021-06-23T09:55:08,600.0,50.5,B
2021-06-23T09:55:08,11700.0,50.5,B
2021-06-23T09:55:08,100.0,50.5,B
2021-06-23T09:55:08,900.0,50.5,B
2021-06-23T09:55:08,17700.0,50.5,B
2021-06-23T09:55:01,4500.0,50.5,B
2021-06-23T09:55:00,100.0,50.4,S
2021-06-23T09:54:55,2000.0,50.5,B
2021-06-23T09:54:55,500.0,50.5,B
2021-06-23T09:54:55,100.0,50.4,S
2021-06-23T09:54:52,5000.0,50.5,B
2021-06-23T09:54:44,200.0,50.5,B
2021-06-23T09:54:43,500.0,50.4,S
2021-06-23T09:54:42,1000.0,50.5,B
2021-06-23T09:54:32,200.0,50.4,S
2021-06-23T09:54:28,500.0,50.5,B
2021-06-23T09:54:27,500.0,50.4,S
2021-06-23T09:54:24,1000.0,50.5,B
2021-06-23T09:54:18,500.0,50.5,B
2021-06-23T09:54:16,200.0,50.4,S
2021-06-23T09:54:13,6000.0,50.4,S
2021-06-23T09:54:06,200.0,50.5,B
2021-06-23T09:54:03,100.0,50.4,S
2021-06-23T09:54:02,1000.0,50.4,S
2021-06-23T09:54:00,500.0,50.4,S
2021-06-23T09:53:59,100.0,50.4,S
2021-06-23T09:53:57,3000.0,50.4,S
2021-06-23T09:53:56,300.0,50.4,S
2021-06-23T09:53:53,100.0,50.5,B
2021-06-23T09:53:48,300.0,50.4,S
2021-06-23T09:53:47,1000.0,50.4,S
2021-06-23T09:53:47,2600.0,50.5,B
2021-06-23T09:53:43,100.0,50.4,S
2021-06-23T09:53:41,100.0,50.4,S
2021-06-23T09:53:28,100.0,50.4,S
2021-06-23T09:53:22,100.0,50.4,S
2021-06-23T09:53:17,100.0,50.4,S
2021-06-23T09:53:15,1000.0,50.4,S
2021-06-23T09:53:10,600.0,50.4,S
2021-06-23T09:53:10,100.0,50.4,S
2021-06-23T09:53:08,500.0,50.4,S
2021-06-23T09:53:03,400.0,50.4,B
2021-06-23T09:53:01,1000.0,50.4,B
2021-06-23T09:53:00,2000.0,50.4,B
2021-06-23T09:53:00,500.0,50.4,B
2021-06-23T09:53:00,500.0,50.4,B
2021-06-23T09:53:00,9700.0,50.4,B
2021-06-23T09:53:00,6900.0,50.4,B
2021-06-23T09:53:00,7000.0,50.4,B
2021-06-23T09:53:00,4500.0,50.4,B
2021-06-23T09:53:00,1800.0,50.4,B
2021-06-23T09:53:00,1000.0,50.4,B
2021-06-23T09:53:00,7400.0,50.4,B
2021-06-23T09:53:00,4900.0,50.4,B
2021-06-23T09:52:57,600.0,50.4,B
2021-06-23T09:52:56,100.0,50.3,S
2021-06-23T09:52:48,1000.0,50.4,B
2021-06-23T09:52:48,4300.0,50.4,B
2021-06-23T09:52:48,200.0,50.4,B
2021-06-23T09:52:46,5500.0,50.4,B
2021-06-23T09:52:46,2600.0,50.4,B
2021-06-23T09:52:46,900.0,50.4,B
2021-06-23T09:52:44,200.0,50.3,S
2021-06-23T09:52:41,100.0,50.3,S
2021-06-23T09:52:41,100.0,50.4,B
2021-06-23T09:52:37,500.0,50.4,B
2021-06-23T09:52:33,1500.0,50.4,B
2021-06-23T09:52:32,100.0,50.3,S
2021-06-23T09:52:32,100.0,50.4,B
2021-06-23T09:52:29,400.0,50.3,S
2021-06-23T09:52:25,1500.0,50.4,B
2021-06-23T09:52:17,2200.0,50.3,S
2021-06-23T09:52:12,5000.0,50.3,S
2021-06-23T09:52:11,100.0,50.4,B
2021-06-23T09:52:09,300.0,50.4,B
2021-06-23T09:52:09,700.0,50.4,B
2021-06-23T09:52:09,9000.0,50.4,B
2021-06-23T09:52:08,1000.0,50.4,B
2021-06-23T09:52:03,100.0,50.3,S
2021-06-23T09:52:03,100.0,50.4,B
2021-06-23T09:52:00,100.0,50.4,B
2021-06-23T09:51:58,1000.0,50.4,B
2021-06-23T09:51:57,200.0,50.4,B
2021-06-23T09:51:56,600.0,50.4,B
2021-06-23T09:51:51,500.0,50.4,B
2021-06-23T09:51:49,400.0,50.4,B
2021-06-23T09:51:48,200.0,50.4,B
2021-06-23T09:51:43,2000.0,50.4,B
2021-06-23T09:51:43,200.0,50.4,B
2021-06-23T09:51:41,1000.0,50.4,B
2021-06-23T09:51:40,5000.0,50.3,S
2021-06-23T09:51:39,5000.0,50.4,B
2021-06-23T09:51:31,1000.0,50.3,S
2021-06-23T09:51:29,100.0,50.3,S
2021-06-23T09:51:29,500.0,50.4,B
2021-06-23T09:51:29,200.0,50.4,B
2021-06-23T09:51:29,1400.0,50.4,B
2021-06-23T09:51:29,100.0,50.4,B
2021-06-23T09:51:29,1100.0,50.4,B
2021-06-23T09:51:29,200.0,50.4,B
2021-06-23T09:51:29,500.0,50.4,B
2021-06-23T09:51:29,2500.0,50.4,B
2021-06-23T09:51:29,3100.0,50.4,B
2021-06-23T09:51:29,1000.0,50.4,B
2021-06-23T09:51:29,700.0,50.4,B
2021-06-23T09:51:29,400.0,50.4,B
2021-06-23T09:51:29,10600.0,50.4,B
2021-06-23T09:51:28,800.0,50.4,B
2021-06-23T09:51:28,12300.0,50.4,B
2021-06-23T09:51:28,5600.0,50.4,B
2021-06-23T09:51:20,1800.0,50.4,B
2021-06-23T09:51:20,2000.0,50.4,B
2021-06-23T09:51:20,1100.0,50.4,B
2021-06-23T09:51:20,200.0,50.4,B
2021-06-23T09:51:20,1500.0,50.4,B
