tradingTime,volume,price,side
2021-06-23T14:23:27,100.0,34.3,B
2021-06-23T14:21:05,100.0,34.3,B
2021-06-23T14:20:37,100.0,34.3,B
2021-06-23T14:19:58,100.0,34.3,B
2021-06-23T14:18:45,700.0,34.2,S
2021-06-23T14:17:05,100.0,34.3,B
2021-06-23T14:16:53,100.0,34.3,B
2021-06-23T14:16:38,500.0,34.2,S
2021-06-23T14:15:59,2800.0,34.2,S
2021-06-23T14:13:14,1000.0,34.2,S
2021-06-23T14:12:49,100.0,34.2,S
2021-06-23T14:11:41,200.0,34.2,S
2021-06-23T14:10:32,5000.0,34.2,S
2021-06-23T14:10:07,500.0,34.2,S
2021-06-23T14:09:29,400.0,34.2,S
2021-06-23T14:09:15,30000.0,34.2,S
2021-06-23T14:09:13,500.0,34.2,S
2021-06-23T14:07:54,2700.0,34.2,S
2021-06-23T14:05:59,800.0,34.2,S
2021-06-23T14:05:40,100.0,34.3,B
2021-06-23T14:04:04,1000.0,34.3,B
2021-06-23T14:02:37,100.0,34.3,B
2021-06-23T14:01:40,600.0,34.3,B
2021-06-23T14:01:33,100.0,34.3,B
2021-06-23T14:00:52,2000.0,34.2,S
2021-06-23T14:00:45,300.0,34.2,S
2021-06-23T13:59:01,5000.0,34.2,S
2021-06-23T13:58:42,500.0,34.3,B
2021-06-23T13:57:56,100.0,34.3,B
2021-06-23T13:55:14,100.0,34.3,B
2021-06-23T13:55:13,2200.0,34.3,B
2021-06-23T13:54:43,300.0,34.3,B
2021-06-23T13:54:21,800.0,34.3,B
2021-06-23T13:53:44,700.0,34.3,B
2021-06-23T13:53:27,400.0,34.3,B
2021-06-23T13:53:11,100.0,34.3,B
2021-06-23T13:52:16,100.0,34.3,B
2021-06-23T13:45:05,200.0,34.2,S
2021-06-23T13:44:29,300.0,34.3,B
2021-06-23T13:44:10,3000.0,34.2,S
2021-06-23T13:43:27,100.0,34.3,B
2021-06-23T13:42:43,500.0,34.3,B
2021-06-23T13:42:36,100.0,34.3,B
2021-06-23T13:40:28,100.0,34.4,B
2021-06-23T13:39:45,3900.0,34.4,B
2021-06-23T13:39:33,600.0,34.4,B
2021-06-23T13:37:07,200.0,34.4,B
2021-06-23T13:36:56,1000.0,34.4,B
2021-06-23T13:36:42,500.0,34.4,B
2021-06-23T13:36:23,400.0,34.4,B
2021-06-23T13:36:10,2500.0,34.2,S
2021-06-23T13:35:42,1100.0,34.3,S
2021-06-23T13:34:13,5000.0,34.2,S
2021-06-23T13:34:09,200.0,34.2,S
2021-06-23T13:32:31,2300.0,34.2,S
2021-06-23T13:32:25,800.0,34.3,B
2021-06-23T13:32:18,500.0,34.2,S
2021-06-23T13:31:54,200.0,34.2,S
2021-06-23T13:29:01,700.0,34.2,S
2021-06-23T13:28:51,1300.0,34.2,B
2021-06-23T13:28:32,500.0,34.2,B
2021-06-23T13:28:14,1000.0,34.2,B
2021-06-23T13:27:18,300.0,34.2,B
2021-06-23T13:26:57,5000.0,34.1,S
2021-06-23T13:26:52,1000.0,34.2,B
2021-06-23T13:26:47,1500.0,34.1,S
2021-06-23T13:26:36,2000.0,34.1,S
2021-06-23T13:26:13,700.0,34.1,S
2021-06-23T13:25:49,100.0,34.2,B
2021-06-23T13:24:39,100.0,34.2,B
2021-06-23T13:22:40,500.0,34.2,S
2021-06-23T13:22:39,2000.0,34.2,S
2021-06-23T13:22:24,1900.0,34.2,S
2021-06-23T13:22:19,1400.0,34.2,S
2021-06-23T13:21:24,300.0,34.2,S
2021-06-23T13:21:20,100.0,34.3,B
2021-06-23T13:21:14,500.0,34.2,S
2021-06-23T13:20:40,100.0,34.2,S
2021-06-23T13:19:29,1800.0,34.3,S
2021-06-23T13:18:09,300.0,34.4,B
2021-06-23T13:17:53,100.0,34.4,B
2021-06-23T13:17:20,1000.0,34.4,B
2021-06-23T13:15:20,300.0,34.4,B
2021-06-23T13:14:42,3900.0,34.3,S
2021-06-23T13:14:39,1000.0,34.4,B
2021-06-23T13:12:16,100.0,34.4,B
2021-06-23T13:11:55,100.0,34.4,B
2021-06-23T13:09:01,10100.0,34.5,B
2021-06-23T13:08:39,400.0,34.5,B
2021-06-23T13:07:31,3700.0,34.4,S
2021-06-23T13:05:54,4400.0,34.3,B
2021-06-23T13:04:56,200.0,34.2,B
2021-06-23T13:04:53,600.0,34.2,B
2021-06-23T13:03:54,200.0,34.1,S
2021-06-23T13:03:54,100.0,34.1,B
2021-06-23T13:03:28,3000.0,34.1,B
2021-06-23T13:01:54,1000.0,34.0,S
2021-06-23T13:00:33,2200.0,34.0,S
2021-06-23T13:00:19,800.0,34.0,S
2021-06-23T13:00:17,600.0,34.0,S
2021-06-23T13:00:16,100.0,34.1,B
2021-06-23T13:00:16,400.0,34.0,S
2021-06-23T11:29:55,200.0,34.0,S
2021-06-23T11:29:34,400.0,34.0,S
2021-06-23T11:28:15,2000.0,33.9,S
2021-06-23T11:27:58,1100.0,34.0,B
2021-06-23T11:27:54,200.0,34.0,B
2021-06-23T11:27:07,1000.0,34.0,B
2021-06-23T11:26:45,100.0,33.9,S
2021-06-23T11:26:39,700.0,33.9,S
2021-06-23T11:26:37,200.0,34.0,B
2021-06-23T11:26:25,900.0,34.0,B
2021-06-23T11:26:17,1000.0,34.0,B
2021-06-23T11:25:59,200.0,34.0,B
2021-06-23T11:25:55,100.0,34.0,B
2021-06-23T11:25:55,1400.0,34.0,B
2021-06-23T11:25:34,100.0,34.0,B
2021-06-23T11:25:13,100.0,34.0,B
2021-06-23T11:25:09,2000.0,34.0,B
2021-06-23T11:25:08,2100.0,34.0,B
2021-06-23T11:24:31,200.0,34.1,B
2021-06-23T11:23:04,800.0,34.1,B
2021-06-23T11:22:55,800.0,34.0,S
2021-06-23T11:22:53,1000.0,34.0,S
2021-06-23T11:22:43,200.0,34.0,S
2021-06-23T11:22:41,2200.0,34.0,B
2021-06-23T11:22:28,1000.0,34.0,B
2021-06-23T11:22:19,100.0,34.0,B
2021-06-23T11:21:45,700.0,34.0,S
2021-06-23T11:21:21,1000.0,34.0,S
2021-06-23T11:21:13,1000.0,34.0,S
2021-06-23T11:20:53,1000.0,34.0,S
2021-06-23T11:20:35,1000.0,34.0,S
2021-06-23T11:20:25,1300.0,34.0,B
2021-06-23T11:20:16,500.0,33.9,S
2021-06-23T11:20:03,1000.0,33.9,S
2021-06-23T11:19:59,100.0,34.0,B
2021-06-23T11:19:40,600.0,34.0,S
2021-06-23T11:19:22,15800.0,34.0,S
2021-06-23T11:19:10,1200.0,34.1,B
2021-06-23T11:19:01,700.0,34.0,S
2021-06-23T11:19:00,1500.0,34.0,S
2021-06-23T11:18:56,100.0,34.0,S
2021-06-23T11:18:53,1600.0,34.0,S
2021-06-23T11:18:48,8000.0,34.0,S
2021-06-23T11:18:47,200.0,34.0,S
2021-06-23T11:18:36,500.0,34.0,S
2021-06-23T11:18:35,5000.0,34.0,S
2021-06-23T11:18:33,200.0,34.0,S
2021-06-23T11:18:29,2000.0,34.0,S
2021-06-23T11:17:53,200.0,34.0,S
2021-06-23T11:17:30,8000.0,34.0,S
2021-06-23T11:17:28,2800.0,34.0,S
2021-06-23T11:17:27,1000.0,34.0,S
2021-06-23T11:17:22,1000.0,34.0,S
2021-06-23T11:17:04,5000.0,34.0,S
2021-06-23T11:16:46,5400.0,34.0,S
2021-06-23T11:16:43,1000.0,34.1,B
2021-06-23T11:16:36,1500.0,34.1,B
2021-06-23T11:16:24,200.0,34.1,B
2021-06-23T11:16:15,100.0,34.1,B
2021-06-23T11:16:12,500.0,34.1,B
2021-06-23T11:15:19,6700.0,34.1,S
2021-06-23T11:14:58,500.0,34.1,S
2021-06-23T11:14:43,7000.0,34.1,S
2021-06-23T11:14:23,300.0,34.1,S
2021-06-23T11:14:11,2500.0,34.1,S
2021-06-23T11:13:46,300.0,34.1,S
2021-06-23T11:13:42,100.0,34.2,B
2021-06-23T11:13:22,300.0,34.2,S
2021-06-23T11:12:18,1800.0,34.2,B
2021-06-23T11:12:00,200.0,34.2,S
2021-06-23T11:11:39,1000.0,34.3,B
2021-06-23T11:11:38,2000.0,34.1,S
2021-06-23T11:11:23,500.0,34.2,B
2021-06-23T11:11:02,1400.0,34.2,S
2021-06-23T11:10:34,1200.0,34.3,B
2021-06-23T11:10:14,700.0,34.2,S
2021-06-23T11:10:08,1000.0,34.2,S
2021-06-23T11:10:08,2000.0,34.2,S
2021-06-23T11:10:06,5500.0,34.2,S
2021-06-23T11:10:05,2000.0,34.2,S
2021-06-23T11:09:59,300.0,34.2,S
2021-06-23T11:09:49,2300.0,34.2,S
2021-06-23T11:09:30,5000.0,34.2,S
2021-06-23T11:07:36,100.0,34.3,B
2021-06-23T11:06:24,18000.0,34.3,S
2021-06-23T11:05:17,3000.0,34.4,B
2021-06-23T11:05:05,100.0,34.3,S
2021-06-23T11:04:23,100.0,34.4,B
2021-06-23T11:03:26,500.0,34.4,B
2021-06-23T11:03:20,300.0,34.4,B
2021-06-23T11:02:28,1000.0,34.4,B
2021-06-23T11:01:36,800.0,34.3,S
2021-06-23T11:01:22,300.0,34.4,B
2021-06-23T11:00:41,300.0,34.4,B
2021-06-23T11:00:07,1100.0,34.4,B
2021-06-23T10:59:47,300.0,34.4,B
2021-06-23T10:59:35,4600.0,34.3,S
2021-06-23T10:59:14,100.0,34.3,S
2021-06-23T10:58:48,5000.0,34.3,S
2021-06-23T10:57:19,3200.0,34.3,S
2021-06-23T10:56:32,3400.0,34.3,S
2021-06-23T10:56:18,3000.0,34.3,S
2021-06-23T10:53:17,1000.0,34.3,S
2021-06-23T10:52:19,100.0,34.4,B
2021-06-23T10:50:35,600.0,34.4,B
2021-06-23T10:49:59,500.0,34.4,B
2021-06-23T10:49:40,500.0,34.4,B
2021-06-23T10:49:25,500.0,34.4,B
2021-06-23T10:49:18,1000.0,34.4,B
2021-06-23T10:48:23,300.0,34.4,B
2021-06-23T10:48:14,200.0,34.4,B
2021-06-23T10:47:41,15600.0,34.4,S
2021-06-23T10:47:24,2000.0,34.4,S
2021-06-23T10:47:13,100.0,34.5,B
2021-06-23T10:47:05,4000.0,34.4,S
2021-06-23T10:45:36,2000.0,34.4,S
2021-06-23T10:44:34,1000.0,34.4,S
2021-06-23T10:44:20,300.0,34.4,S
2021-06-23T10:43:34,200.0,34.5,B
2021-06-23T10:43:10,100.0,34.5,B
2021-06-23T10:42:40,500.0,34.5,B
2021-06-23T10:41:59,1000.0,34.5,B
2021-06-23T10:41:44,200.0,34.5,B
2021-06-23T10:40:59,4300.0,34.5,B
2021-06-23T10:40:47,100.0,34.5,S
2021-06-23T10:40:43,500.0,34.5,S
2021-06-23T10:38:54,1200.0,34.5,S
2021-06-23T10:37:48,100.0,34.6,B
2021-06-23T10:36:12,1200.0,34.6,B
2021-06-23T10:35:47,300.0,34.6,S
2021-06-23T10:34:17,1300.0,34.6,B
2021-06-23T10:32:09,1300.0,34.5,S
2021-06-23T10:31:39,500.0,34.5,B
2021-06-23T10:31:18,500.0,34.5,B
2021-06-23T10:31:13,200.0,34.5,B
2021-06-23T10:30:23,200.0,34.5,B
2021-06-23T10:28:14,10000.0,34.4,S
2021-06-23T10:26:43,100.0,34.6,B
2021-06-23T10:26:21,500.0,34.5,S
2021-06-23T10:25:09,100.0,34.6,B
2021-06-23T10:23:43,200.0,34.6,S
2021-06-23T10:23:01,300.0,34.6,S
2021-06-23T10:20:15,800.0,34.5,S
2021-06-23T10:20:12,400.0,34.7,B
2021-06-23T10:19:56,1800.0,34.5,B
2021-06-23T10:19:53,300.0,34.5,B
2021-06-23T10:19:53,1000.0,34.5,B
2021-06-23T10:18:50,300.0,34.5,B
2021-06-23T10:18:43,100.0,34.5,B
2021-06-23T10:18:36,700.0,34.5,B
2021-06-23T10:18:13,1100.0,34.5,B
2021-06-23T10:17:45,100.0,34.5,B
2021-06-23T10:17:19,300.0,34.5,B
2021-06-23T10:17:12,100.0,34.5,B
2021-06-23T10:17:03,100.0,34.5,B
2021-06-23T10:16:48,300.0,34.6,S
2021-06-23T10:16:43,11700.0,34.6,S
2021-06-23T10:15:57,600.0,34.5,S
2021-06-23T10:15:47,1400.0,34.5,B
2021-06-23T10:15:22,1000.0,34.5,B
2021-06-23T10:15:05,600.0,34.5,S
2021-06-23T10:14:58,2000.0,34.5,S
2021-06-23T10:14:58,400.0,34.5,S
2021-06-23T10:14:53,12000.0,34.5,B
2021-06-23T10:13:40,200.0,34.5,B
2021-06-23T10:11:48,500.0,34.4,S
2021-06-23T10:11:37,100.0,34.4,S
2021-06-23T10:11:36,400.0,34.4,S
2021-06-23T10:10:03,500.0,34.4,B
2021-06-23T10:09:56,1500.0,34.4,S
2021-06-23T10:09:31,900.0,34.4,B
2021-06-23T10:08:54,4100.0,34.4,S
2021-06-23T10:07:45,400.0,34.4,B
2021-06-23T10:07:39,200.0,34.4,B
2021-06-23T10:06:49,3000.0,34.4,B
2021-06-23T10:06:48,5000.0,34.3,S
2021-06-23T10:06:34,200.0,34.4,B
2021-06-23T10:05:56,6200.0,34.4,S
2021-06-23T10:04:11,100.0,34.5,B
2021-06-23T10:03:02,2000.0,34.5,B
2021-06-23T10:02:03,300.0,34.5,B
2021-06-23T10:00:32,800.0,34.4,S
2021-06-23T10:00:18,1300.0,34.4,S
2021-06-23T10:00:10,1000.0,34.4,S
2021-06-23T09:59:32,300.0,34.4,S
2021-06-23T09:56:50,100.0,34.5,B
2021-06-23T09:56:28,5000.0,34.4,S
2021-06-23T09:56:17,1000.0,34.5,B
2021-06-23T09:55:58,2000.0,34.5,B
2021-06-23T09:54:54,1500.0,34.5,B
2021-06-23T09:54:47,100.0,34.5,B
2021-06-23T09:54:40,500.0,34.5,B
2021-06-23T09:54:37,1000.0,34.5,B
2021-06-23T09:54:03,500.0,34.5,B
2021-06-23T09:52:00,500.0,34.5,B
2021-06-23T09:51:16,100.0,34.5,B
2021-06-23T09:49:15,100.0,34.5,B
2021-06-23T09:48:48,1000.0,34.5,B
2021-06-23T09:48:48,200.0,34.5,B
2021-06-23T09:47:52,1000.0,34.5,B
2021-06-23T09:47:05,100.0,34.5,B
2021-06-23T09:46:46,100.0,34.5,B
2021-06-23T09:46:14,400.0,34.5,B
2021-06-23T09:45:05,5000.0,34.5,B
2021-06-23T09:44:16,400.0,34.3,S
2021-06-23T09:43:11,1500.0,34.5,B
2021-06-23T09:43:07,100.0,34.4,B
2021-06-23T09:43:05,10000.0,34.3,S
2021-06-23T09:43:04,200.0,34.4,B
2021-06-23T09:43:03,100.0,34.4,B
2021-06-23T09:42:57,100.0,34.4,B
2021-06-23T09:42:52,500.0,34.4,B
2021-06-23T09:42:48,6300.0,34.4,S
2021-06-23T09:42:10,1000.0,34.4,S
2021-06-23T09:42:07,2500.0,34.4,S
2021-06-23T09:42:01,400.0,34.4,S
2021-06-23T09:40:59,1000.0,34.4,S
2021-06-23T09:39:29,6000.0,34.4,S
2021-06-23T09:38:53,1400.0,34.5,B
2021-06-23T09:38:47,9000.0,34.5,S
2021-06-23T09:38:40,300.0,34.6,B
2021-06-23T09:38:16,300.0,34.6,B
2021-06-23T09:36:57,100.0,34.6,S
2021-06-23T09:36:48,2900.0,34.6,B
2021-06-23T09:36:14,300.0,34.6,B
2021-06-23T09:36:09,100.0,34.6,B
2021-06-23T09:35:57,300.0,34.7,B
2021-06-23T09:35:48,100.0,34.6,B
2021-06-23T09:35:42,200.0,34.6,B
2021-06-23T09:33:40,400.0,34.6,B
2021-06-23T09:33:36,900.0,34.6,S
2021-06-23T09:33:28,100.0,34.6,B
2021-06-23T09:33:21,100.0,34.6,B
2021-06-23T09:33:03,100.0,34.6,B
2021-06-23T09:32:58,500.0,34.6,B
2021-06-23T09:31:49,100.0,34.6,B
2021-06-23T09:31:27,10000.0,34.6,B
2021-06-23T09:30:25,500.0,34.6,B
2021-06-23T09:30:16,4500.0,34.6,B
2021-06-23T09:30:01,800.0,34.6,S
2021-06-23T09:29:38,200.0,34.5,S
2021-06-23T09:29:00,2400.0,34.5,S
2021-06-23T09:28:25,3000.0,34.5,S
2021-06-23T09:26:59,100.0,34.8,B
2021-06-23T09:26:49,5000.0,34.6,S
2021-06-23T09:25:19,500.0,34.8,B
2021-06-23T09:24:51,5000.0,34.8,S
2021-06-23T09:23:47,1000.0,34.9,S
2021-06-23T09:23:20,100.0,34.9,S
2021-06-23T09:22:58,1000.0,34.9,S
2021-06-23T09:22:45,100.0,34.9,S
2021-06-23T09:22:27,600.0,34.9,S
2021-06-23T09:21:45,900.0,34.9,B
2021-06-23T09:21:45,500.0,35.0,B
2021-06-23T09:21:33,400.0,34.9,S
2021-06-23T09:21:30,700.0,34.9,B
2021-06-23T09:21:07,300.0,34.9,B
2021-06-23T09:21:02,1000.0,34.8,S
2021-06-23T09:20:42,1000.0,34.8,S
2021-06-23T09:19:49,5300.0,34.7,S
2021-06-23T09:19:44,100.0,34.7,B
2021-06-23T09:19:17,4900.0,34.6,B
2021-06-23T09:19:07,3000.0,34.5,S
2021-06-23T09:19:00,5000.0,34.6,B
2021-06-23T09:18:22,3500.0,34.6,B
2021-06-23T09:17:11,16700.0,34.5,B
2021-06-23T09:16:51,1000.0,34.4,S
2021-06-23T09:16:33,500.0,34.4,B
2021-06-23T09:16:29,400.0,34.3,S
2021-06-23T09:16:05,100.0,34.4,B
2021-06-23T09:15:51,4200.0,34.3,S
2021-06-23T09:15:31,1000.0,34.4,S
2021-06-23T09:15:05,400.0,34.4,S
2021-06-23T09:14:37,100.0,34.4,S
2021-06-23T09:13:44,1000.0,34.3,S
2021-06-23T09:13:18,400.0,34.4,S
2021-06-23T09:12:45,400.0,34.4,S
2021-06-23T09:12:38,3900.0,34.4,S
2021-06-23T09:12:20,100.0,34.5,B
2021-06-23T09:12:07,1800.0,34.5,B
2021-06-23T09:11:57,400.0,34.5,B
2021-06-23T09:11:45,600.0,34.5,B
2021-06-23T09:11:31,900.0,34.5,B
2021-06-23T09:11:25,200.0,34.5,B
2021-06-23T09:11:23,200.0,34.5,B
2021-06-23T09:11:05,1700.0,34.5,B
2021-06-23T09:10:18,100.0,34.5,B
2021-06-23T09:09:59,6900.0,34.5,S
2021-06-23T09:09:18,4000.0,34.5,S
2021-06-23T09:08:40,500.0,34.5,S
2021-06-23T09:08:32,100.0,34.6,B
2021-06-23T09:08:29,500.0,34.6,B
2021-06-23T09:08:00,100.0,34.6,B
2021-06-23T09:06:56,100.0,34.5,S
2021-06-23T09:06:28,1600.0,34.5,S
2021-06-23T09:05:58,100.0,34.7,B
2021-06-23T09:05:57,300.0,34.7,S
2021-06-23T09:05:29,1000.0,34.8,B
2021-06-23T09:05:13,100.0,34.8,S
2021-06-23T09:04:11,1100.0,34.8,S
2021-06-23T09:04:05,1400.0,34.9,B
2021-06-23T09:02:54,500.0,34.9,B
2021-06-23T09:02:32,100.0,34.9,B
2021-06-23T09:01:19,100.0,34.8,S
2021-06-23T09:00:38,400.0,34.8,S
