tradingTime,volume,price,side
2021-06-23T14:23:11,1000.0,45.8,S
2021-06-23T14:23:11,100.0,45.85,B
2021-06-23T14:23:11,1900.0,45.85,B
2021-06-23T14:23:00,3400.0,45.85,B
2021-06-23T14:22:42,1000.0,45.85,B
2021-06-23T14:22:09,1000.0,45.85,B
2021-06-23T14:21:36,1100.0,45.85,B
2021-06-23T14:21:36,200.0,45.8,B
2021-06-23T14:21:36,3700.0,45.75,B
2021-06-23T14:21:31,500.0,45.55,S
2021-06-23T14:21:31,500.0,45.6,S
2021-06-23T14:20:30,100.0,45.75,B
2021-06-23T14:20:27,200.0,45.75,B
2021-06-23T14:20:09,2900.0,45.75,B
2021-06-23T14:19:40,8000.0,45.5,S
2021-06-23T14:19:40,1200.0,45.7,B
2021-06-23T14:19:40,1100.0,45.7,B
2021-06-23T14:19:01,4200.0,45.5,B
2021-06-23T14:19:01,2000.0,45.5,B
2021-06-23T14:18:49,1300.0,45.5,B
2021-06-23T14:18:48,600.0,45.5,B
2021-06-23T14:18:48,100.0,45.5,B
2021-06-23T14:18:23,200.0,45.5,B
2021-06-23T14:18:23,1100.0,45.5,B
2021-06-23T14:18:23,1700.0,45.5,B
2021-06-23T14:17:45,100.0,45.4,B
2021-06-23T14:16:58,1000.0,45.3,S
2021-06-23T14:12:32,100.0,45.3,S
2021-06-23T14:12:32,100.0,45.3,S
2021-06-23T14:12:31,1700.0,45.3,B
2021-06-23T14:12:29,500.0,45.3,B
2021-06-23T14:12:21,300.0,45.3,B
2021-06-23T14:12:15,500.0,45.3,B
2021-06-23T14:10:14,100.0,45.1,S
2021-06-23T14:09:41,1000.0,45.1,S
2021-06-23T14:09:00,400.0,45.1,B
2021-06-23T14:08:53,1900.0,45.1,B
2021-06-23T14:08:38,400.0,45.1,S
2021-06-23T14:08:38,1300.0,45.1,S
2021-06-23T14:08:21,100.0,45.1,S
2021-06-23T14:08:16,400.0,45.1,S
2021-06-23T14:07:12,1000.0,45.1,S
2021-06-23T14:06:25,5000.0,45.05,S
2021-06-23T14:05:55,5000.0,45.1,S
2021-06-23T14:05:17,100.0,45.3,S
2021-06-23T14:05:13,500.0,45.3,S
2021-06-23T14:05:04,600.0,45.3,S
2021-06-23T14:05:02,400.0,45.3,S
2021-06-23T14:04:47,200.0,45.3,S
2021-06-23T14:04:23,1500.0,45.3,S
2021-06-23T14:03:49,100.0,45.3,S
2021-06-23T14:02:39,400.0,45.5,B
2021-06-23T14:02:22,100.0,45.2,S
2021-06-23T14:01:48,1000.0,45.3,S
2021-06-23T14:01:42,2300.0,45.3,S
2021-06-23T14:01:32,500.0,45.2,S
2021-06-23T14:01:30,100.0,45.25,B
2021-06-23T14:01:18,300.0,45.2,S
2021-06-23T14:01:18,200.0,45.2,S
2021-06-23T14:01:15,500.0,45.25,S
2021-06-23T14:01:14,100.0,45.25,S
2021-06-23T14:00:49,1000.0,45.25,S
2021-06-23T14:00:46,1000.0,45.3,B
2021-06-23T14:00:30,500.0,45.3,B
2021-06-23T14:00:28,1000.0,45.25,S
2021-06-23T14:00:21,500.0,45.3,B
2021-06-23T13:59:22,100.0,45.3,B
2021-06-23T13:59:22,400.0,45.3,B
2021-06-23T13:58:50,200.0,45.3,B
2021-06-23T13:58:30,200.0,45.3,B
2021-06-23T13:58:16,2000.0,45.3,B
2021-06-23T13:58:01,4400.0,45.3,S
2021-06-23T13:58:01,100.0,45.3,S
2021-06-23T13:58:00,2700.0,45.3,S
2021-06-23T13:57:41,100.0,45.4,S
2021-06-23T13:57:18,400.0,45.5,B
2021-06-23T13:56:34,200.0,45.5,B
2021-06-23T13:55:37,100.0,45.5,S
2021-06-23T13:55:35,300.0,45.5,S
2021-06-23T13:55:29,200.0,45.5,S
2021-06-23T13:53:06,500.0,45.5,B
2021-06-23T13:53:04,100.0,45.35,S
2021-06-23T13:52:34,1000.0,45.35,S
2021-06-23T13:51:59,1600.0,45.35,B
2021-06-23T13:51:10,500.0,45.35,B
2021-06-23T13:50:56,500.0,45.35,B
2021-06-23T13:50:47,100.0,45.35,B
2021-06-23T13:50:39,100.0,45.35,B
2021-06-23T13:50:27,100.0,45.35,B
2021-06-23T13:50:26,100.0,45.35,B
2021-06-23T13:50:04,500.0,45.35,B
2021-06-23T13:49:42,1000.0,45.3,S
2021-06-23T13:49:06,500.0,45.35,B
2021-06-23T13:48:37,7000.0,45.35,S
2021-06-23T13:48:20,500.0,45.5,B
2021-06-23T13:47:14,100.0,45.35,S
2021-06-23T13:45:45,1000.0,45.75,B
2021-06-23T13:45:23,500.0,45.75,B
2021-06-23T13:44:13,300.0,45.35,S
2021-06-23T13:43:27,3000.0,45.25,S
2021-06-23T13:42:19,3700.0,45.0,S
2021-06-23T13:42:19,2500.0,45.0,S
2021-06-23T13:42:19,1000.0,45.0,S
2021-06-23T13:42:19,200.0,45.0,S
2021-06-23T13:42:19,2600.0,45.2,S
2021-06-23T13:42:17,1000.0,45.4,S
2021-06-23T13:42:08,1000.0,45.3,S
2021-06-23T13:42:07,300.0,45.85,B
2021-06-23T13:42:07,200.0,45.85,B
2021-06-23T13:41:57,1000.0,45.3,S
2021-06-23T13:41:51,5000.0,45.85,B
2021-06-23T13:41:49,200.0,45.3,S
2021-06-23T13:41:43,1000.0,45.3,S
2021-06-23T13:41:36,1000.0,45.3,S
2021-06-23T13:41:29,400.0,45.3,S
2021-06-23T13:41:29,600.0,45.5,S
2021-06-23T13:41:29,2600.0,45.85,S
2021-06-23T13:41:27,5000.0,45.85,S
2021-06-23T13:41:25,1000.0,45.85,S
2021-06-23T13:41:24,200.0,45.85,S
2021-06-23T13:41:21,500.0,45.85,S
2021-06-23T13:41:18,5000.0,45.85,S
2021-06-23T13:41:11,200.0,45.85,S
2021-06-23T13:41:10,5000.0,45.85,S
2021-06-23T13:41:07,800.0,45.85,S
2021-06-23T13:41:07,3000.0,45.85,S
2021-06-23T13:41:05,200.0,45.85,S
2021-06-23T13:41:03,500.0,45.85,S
2021-06-23T13:41:03,3000.0,45.85,S
2021-06-23T13:41:01,20000.0,45.85,S
2021-06-23T13:40:56,6200.0,45.85,S
2021-06-23T13:40:55,1000.0,45.85,S
2021-06-23T13:40:53,1000.0,45.85,S
2021-06-23T13:40:52,1000.0,45.85,S
2021-06-23T13:40:47,1000.0,45.85,S
2021-06-23T13:40:44,100.0,45.85,S
2021-06-23T13:40:43,200.0,45.85,S
2021-06-23T13:40:43,200.0,45.85,S
2021-06-23T13:40:42,200.0,45.85,S
2021-06-23T13:40:42,1000.0,45.85,S
2021-06-23T13:40:39,5000.0,45.85,S
2021-06-23T13:40:36,500.0,45.85,S
2021-06-23T13:40:34,2000.0,45.85,S
2021-06-23T13:40:34,500.0,45.85,S
2021-06-23T13:40:33,5000.0,45.85,S
2021-06-23T13:40:26,5000.0,45.85,S
2021-06-23T13:40:12,10000.0,45.85,S
2021-06-23T13:40:10,1000.0,45.85,S
2021-06-23T13:40:09,500.0,45.85,S
2021-06-23T13:40:02,2000.0,45.85,S
2021-06-23T13:39:58,50000.0,45.85,S
2021-06-23T13:39:39,1000.0,45.9,B
2021-06-23T13:39:00,500.0,45.9,B
2021-06-23T13:38:37,500.0,45.9,B
2021-06-23T13:38:24,3000.0,45.9,B
2021-06-23T13:38:19,500.0,45.85,S
2021-06-23T13:37:49,1000.0,45.85,S
2021-06-23T13:37:45,1400.0,45.85,S
2021-06-23T13:37:45,900.0,45.85,S
2021-06-23T13:37:36,100.0,45.85,S
2021-06-23T13:37:10,3000.0,45.85,S
2021-06-23T13:36:46,400.0,45.85,S
2021-06-23T13:36:19,500.0,45.95,B
2021-06-23T13:36:03,1900.0,45.9,S
2021-06-23T13:35:57,300.0,45.9,B
2021-06-23T13:35:55,1100.0,45.85,S
2021-06-23T13:35:53,100.0,45.9,B
2021-06-23T13:35:50,1100.0,45.85,S
2021-06-23T13:35:50,100.0,45.85,S
2021-06-23T13:35:27,200.0,45.9,B
2021-06-23T13:35:00,6400.0,45.85,B
2021-06-23T13:35:00,5800.0,45.85,B
2021-06-23T13:35:00,2600.0,45.8,B
2021-06-23T13:35:00,3100.0,45.7,B
2021-06-23T13:34:22,400.0,45.5,S
2021-06-23T13:34:16,500.0,45.6,S
2021-06-23T13:33:48,3900.0,45.7,B
2021-06-23T13:33:48,3700.0,45.7,B
2021-06-23T13:33:32,1000.0,45.65,B
2021-06-23T13:33:29,1000.0,45.6,S
2021-06-23T13:32:51,3900.0,45.55,B
2021-06-23T13:32:51,1900.0,45.5,B
2021-06-23T13:32:51,800.0,45.5,B
2021-06-23T13:32:51,1000.0,45.4,B
2021-06-23T13:32:07,3700.0,45.3,B
2021-06-23T13:32:00,2300.0,45.3,B
2021-06-23T13:31:47,6000.0,45.3,B
2021-06-23T13:31:33,5000.0,45.3,B
2021-06-23T13:31:32,900.0,45.2,B
2021-06-23T13:31:15,100.0,45.2,B
2021-06-23T13:31:03,16500.0,45.0,B
2021-06-23T13:31:03,1800.0,44.9,B
2021-06-23T13:30:50,1000.0,44.9,B
2021-06-23T13:30:35,500.0,44.9,B
2021-06-23T13:30:25,300.0,44.9,B
2021-06-23T13:30:18,400.0,44.9,B
2021-06-23T13:30:00,4100.0,44.6,S
2021-06-23T13:30:00,900.0,44.8,B
2021-06-23T13:29:54,100.0,44.8,B
2021-06-23T13:29:44,200.0,44.6,S
2021-06-23T13:29:44,700.0,44.6,S
2021-06-23T13:29:44,100.0,44.6,S
2021-06-23T13:29:24,100.0,44.6,B
2021-06-23T13:29:13,300.0,44.6,B
2021-06-23T13:29:11,100.0,44.5,S
2021-06-23T13:29:09,100.0,44.5,S
2021-06-23T13:28:39,6600.0,44.5,B
2021-06-23T13:28:27,1700.0,44.5,B
2021-06-23T13:28:25,200.0,44.5,B
2021-06-23T13:28:02,2000.0,44.5,B
2021-06-23T13:27:44,400.0,44.5,B
2021-06-23T13:27:29,100.0,44.5,B
2021-06-23T13:27:24,3000.0,44.3,S
2021-06-23T13:27:16,2000.0,44.5,B
2021-06-23T13:27:12,500.0,44.5,B
2021-06-23T13:26:54,100.0,44.5,B
2021-06-23T13:26:54,2000.0,44.5,B
2021-06-23T13:26:44,2000.0,44.5,B
2021-06-23T13:26:42,1000.0,44.5,B
2021-06-23T13:26:36,1000.0,44.5,B
2021-06-23T13:26:10,800.0,44.5,S
2021-06-23T13:26:10,3700.0,44.5,S
2021-06-23T13:25:46,1000.0,44.5,S
2021-06-23T13:25:43,10000.0,44.6,B
2021-06-23T13:25:40,100.0,44.3,S
2021-06-23T13:25:40,3900.0,44.3,S
2021-06-23T13:25:22,1000.0,44.5,S
2021-06-23T13:25:18,200.0,44.5,S
2021-06-23T13:25:16,1300.0,44.5,S
2021-06-23T13:25:06,1000.0,44.5,S
2021-06-23T13:24:47,4000.0,44.3,S
2021-06-23T13:24:47,100.0,44.5,S
2021-06-23T13:24:36,2000.0,44.5,S
2021-06-23T13:24:28,1000.0,44.5,S
2021-06-23T13:24:27,1000.0,44.5,S
2021-06-23T13:24:18,500.0,44.5,S
2021-06-23T13:24:16,200.0,44.5,S
2021-06-23T13:24:11,100.0,44.5,S
2021-06-23T13:23:53,1000.0,44.5,S
2021-06-23T13:23:51,100.0,44.5,S
2021-06-23T13:23:34,500.0,44.5,S
2021-06-23T13:23:30,800.0,44.5,S
2021-06-23T13:23:29,200.0,44.5,S
2021-06-23T13:23:15,700.0,44.5,S
2021-06-23T13:23:05,3600.0,44.5,S
2021-06-23T13:23:05,100.0,44.5,S
2021-06-23T13:23:04,2100.0,44.5,S
2021-06-23T13:22:35,100.0,44.5,S
2021-06-23T13:22:27,500.0,44.55,S
2021-06-23T13:22:25,3000.0,44.3,S
2021-06-23T13:22:25,100.0,44.5,S
2021-06-23T13:22:20,100.0,44.55,S
2021-06-23T13:22:15,2000.0,44.55,S
2021-06-23T13:22:11,1600.0,44.5,S
2021-06-23T13:22:10,300.0,44.5,S
2021-06-23T13:22:05,100.0,44.5,S
2021-06-23T13:22:05,1000.0,44.4,S
2021-06-23T13:22:05,1000.0,44.4,S
2021-06-23T13:22:04,1000.0,44.5,S
2021-06-23T13:22:04,100.0,44.55,S
2021-06-23T13:22:02,1500.0,44.55,S
2021-06-23T13:21:48,500.0,44.55,S
2021-06-23T13:21:41,900.0,44.55,S
2021-06-23T13:21:29,100.0,44.5,S
2021-06-23T13:21:26,100.0,44.5,S
2021-06-23T13:21:23,400.0,44.5,S
2021-06-23T13:21:22,400.0,44.6,B
2021-06-23T13:21:20,100.0,44.6,B
2021-06-23T13:21:11,1000.0,44.5,S
2021-06-23T13:20:38,300.0,44.6,B
2021-06-23T13:20:37,1000.0,44.5,S
2021-06-23T13:20:31,400.0,44.5,S
2021-06-23T13:20:30,100.0,44.5,S
2021-06-23T13:20:28,5200.0,44.5,S
2021-06-23T13:20:25,100.0,44.6,B
2021-06-23T13:20:15,500.0,44.6,B
2021-06-23T13:20:05,1900.0,44.5,S
2021-06-23T13:20:05,300.0,44.5,S
2021-06-23T13:20:04,2000.0,44.5,S
2021-06-23T13:20:04,900.0,44.5,S
2021-06-23T13:20:04,4900.0,44.5,S
2021-06-23T13:20:04,1100.0,44.5,S
2021-06-23T13:20:01,100.0,44.6,S
2021-06-23T13:19:52,300.0,44.6,S
2021-06-23T13:19:50,1000.0,44.6,S
2021-06-23T13:19:38,200.0,44.6,S
2021-06-23T13:19:36,200.0,44.6,S
2021-06-23T13:19:18,100.0,44.6,S
2021-06-23T13:19:16,2400.0,44.6,S
2021-06-23T13:19:02,200.0,44.65,B
2021-06-23T13:19:00,100.0,44.65,B
2021-06-23T13:18:54,900.0,44.65,S
2021-06-23T13:18:32,200.0,44.7,S
2021-06-23T13:18:11,100.0,44.65,S
2021-06-23T13:18:11,400.0,44.65,S
2021-06-23T13:18:11,700.0,44.7,S
2021-06-23T13:18:11,800.0,44.7,S
2021-06-23T13:18:01,1200.0,44.7,S
2021-06-23T13:17:49,500.0,44.7,S
2021-06-23T13:17:37,300.0,44.9,S
2021-06-23T13:17:36,200.0,44.9,S
2021-06-23T13:17:31,100.0,44.7,S
2021-06-23T13:17:24,200.0,44.9,S
2021-06-23T13:16:56,500.0,44.9,S
2021-06-23T13:16:39,1300.0,44.7,S
2021-06-23T13:16:39,1400.0,44.8,S
2021-06-23T13:16:39,1300.0,44.8,S
2021-06-23T13:16:39,600.0,44.8,S
2021-06-23T13:16:39,400.0,44.9,S
2021-06-23T13:16:28,100.0,44.9,S
2021-06-23T13:16:13,2000.0,45.0,B
2021-06-23T13:16:13,200.0,45.0,B
2021-06-23T13:16:10,200.0,44.95,S
2021-06-23T13:16:05,100.0,45.0,B
2021-06-23T13:15:55,100.0,45.0,B
2021-06-23T13:15:50,1000.0,45.0,B
2021-06-23T13:15:49,1000.0,45.0,B
2021-06-23T13:15:45,100.0,44.95,S
2021-06-23T13:15:33,100.0,45.0,B
2021-06-23T13:15:04,200.0,45.0,B
2021-06-23T13:14:56,1000.0,45.0,B
2021-06-23T13:14:54,1000.0,45.0,B
2021-06-23T13:14:49,200.0,45.0,B
2021-06-23T13:14:45,3000.0,45.0,B
2021-06-23T13:14:42,100.0,45.0,B
2021-06-23T13:14:26,200.0,45.0,B
2021-06-23T13:14:04,100.0,45.0,S
2021-06-23T13:14:02,500.0,45.0,S
2021-06-23T13:13:49,1000.0,45.0,S
2021-06-23T13:13:49,1600.0,45.0,S
2021-06-23T13:13:49,2000.0,45.0,S
2021-06-23T13:13:49,2100.0,45.0,S
2021-06-23T13:13:49,600.0,45.0,S
2021-06-23T13:13:49,1600.0,45.0,S
2021-06-23T13:13:49,500.0,45.0,S
2021-06-23T13:13:49,600.0,45.0,S
2021-06-23T13:13:49,1500.0,45.0,S
2021-06-23T13:13:49,7000.0,45.0,S
2021-06-23T13:13:49,200.0,45.0,S
2021-06-23T13:13:49,400.0,45.0,S
2021-06-23T13:13:49,200.0,45.0,S
2021-06-23T13:13:48,2300.0,45.0,S
2021-06-23T13:13:48,5200.0,45.05,S
2021-06-23T13:13:48,4200.0,45.05,S
2021-06-23T13:13:42,100.0,45.2,S
2021-06-23T13:13:34,2000.0,45.2,S
2021-06-23T13:13:28,200.0,45.2,S
2021-06-23T13:13:22,1000.0,45.2,S
2021-06-23T13:13:09,1000.0,45.25,S
2021-06-23T13:13:09,2000.0,45.25,S
2021-06-23T13:13:08,100.0,45.25,S
2021-06-23T13:12:32,500.0,45.25,S
2021-06-23T13:12:18,8800.0,45.25,S
2021-06-23T13:11:42,100.0,45.3,B
2021-06-23T13:11:33,400.0,45.3,S
2021-06-23T13:11:10,100.0,45.3,S
2021-06-23T13:10:51,400.0,45.3,B
2021-06-23T13:10:48,900.0,45.3,S
2021-06-23T13:10:48,8700.0,45.3,S
2021-06-23T13:10:37,100.0,45.4,S
2021-06-23T13:10:37,700.0,45.4,S
2021-06-23T13:10:15,300.0,45.4,B
2021-06-23T13:10:06,1000.0,45.4,B
2021-06-23T13:09:07,200.0,45.5,B
2021-06-23T13:08:46,100.0,45.5,B
2021-06-23T13:08:45,1000.0,45.3,S
2021-06-23T13:08:26,400.0,45.4,B
2021-06-23T13:07:49,100.0,45.4,B
2021-06-23T13:07:20,100.0,45.4,B
2021-06-23T13:07:08,500.0,45.25,S
2021-06-23T13:06:56,1000.0,45.4,B
2021-06-23T13:06:54,100.0,45.4,B
2021-06-23T13:06:36,200.0,45.4,S
2021-06-23T13:06:36,500.0,45.4,S
2021-06-23T13:06:18,100.0,45.4,S
2021-06-23T13:05:49,200.0,45.4,B
2021-06-23T13:05:49,100.0,45.4,B
2021-06-23T13:05:28,500.0,45.4,B
2021-06-23T13:05:25,600.0,45.25,S
2021-06-23T13:05:20,4000.0,45.2,S
2021-06-23T13:05:17,200.0,45.25,B
2021-06-23T13:04:49,900.0,45.2,B
2021-06-23T13:04:40,1000.0,45.2,B
2021-06-23T13:03:28,200.0,45.15,B
2021-06-23T13:03:11,500.0,45.05,S
2021-06-23T13:03:03,1500.0,45.05,S
2021-06-23T13:03:01,400.0,45.1,B
2021-06-23T13:02:55,600.0,45.1,B
2021-06-23T13:02:41,100.0,45.1,B
2021-06-23T13:02:11,200.0,45.1,B
2021-06-23T13:02:11,700.0,45.1,B
2021-06-23T13:01:34,100.0,45.1,B
2021-06-23T13:01:31,700.0,45.05,S
2021-06-23T13:01:31,1000.0,45.05,S
2021-06-23T13:01:31,300.0,45.05,S
2021-06-23T13:01:13,200.0,45.05,S
2021-06-23T13:01:13,1500.0,45.05,S
2021-06-23T13:01:12,200.0,45.1,B
2021-06-23T13:00:53,500.0,45.05,S
2021-06-23T13:00:44,700.0,45.05,S
2021-06-23T13:00:34,800.0,45.05,S
2021-06-23T13:00:34,2200.0,45.05,S
2021-06-23T13:00:25,500.0,45.05,S
2021-06-23T13:00:24,100.0,45.05,S
2021-06-23T13:00:23,1300.0,45.05,S
2021-06-23T13:00:20,4900.0,45.05,S
2021-06-23T13:00:18,500.0,45.05,S
2021-06-23T13:00:14,300.0,45.05,S
2021-06-23T13:00:10,400.0,45.05,S
2021-06-23T13:00:07,200.0,45.05,S
2021-06-23T13:00:07,300.0,45.05,S
2021-06-23T13:00:07,100.0,45.1,B
2021-06-23T13:00:06,300.0,45.05,S
2021-06-23T13:00:06,100.0,45.1,B
2021-06-23T13:00:06,300.0,45.1,B
2021-06-23T11:29:50,1000.0,45.05,B
2021-06-23T11:29:48,900.0,45.05,B
2021-06-23T11:29:34,100.0,45.0,S
2021-06-23T11:29:16,500.0,45.0,S
2021-06-23T11:28:34,7100.0,45.0,B
2021-06-23T11:28:33,1000.0,44.65,S
2021-06-23T11:28:31,100.0,45.0,B
2021-06-23T11:28:20,500.0,45.0,B
2021-06-23T11:28:07,1000.0,45.0,B
2021-06-23T11:28:03,100.0,44.8,B
2021-06-23T11:27:49,100.0,44.5,S
2021-06-23T11:27:40,200.0,44.8,B
2021-06-23T11:27:30,100.0,44.7,B
2021-06-23T11:27:28,100.0,44.5,B
2021-06-23T11:27:24,3000.0,44.5,B
2021-06-23T11:27:24,500.0,44.05,B
2021-06-23T11:27:24,500.0,44.5,B
2021-06-23T11:27:21,5000.0,44.0,B
2021-06-23T11:27:20,800.0,44.7,B
2021-06-23T11:27:20,1000.0,44.3,B
2021-06-23T11:27:19,1000.0,44.5,B
2021-06-23T11:26:31,2000.0,44.3,B
2021-06-23T11:26:19,100.0,45.0,B
2021-06-23T11:26:10,5000.0,44.2,B
2021-06-23T11:25:58,600.0,44.0,B
2021-06-23T11:25:57,100.0,44.0,B
2021-06-23T11:25:50,100.0,43.0,S
2021-06-23T11:25:50,100.0,43.0,S
2021-06-23T11:25:50,1100.0,43.0,S
2021-06-23T11:25:50,3800.0,43.0,S
2021-06-23T11:25:49,200.0,43.5,S
2021-06-23T11:25:49,500.0,43.5,S
2021-06-23T11:25:45,3000.0,44.0,S
2021-06-23T11:25:45,100.0,44.0,S
2021-06-23T11:25:45,100.0,44.0,S
2021-06-23T11:25:44,1100.0,44.0,S
2021-06-23T11:25:41,1200.0,43.2,S
2021-06-23T11:25:41,2100.0,43.3,S
2021-06-23T11:25:41,1100.0,43.5,S
2021-06-23T11:25:41,3800.0,43.6,S
2021-06-23T11:25:41,3300.0,44.0,S
2021-06-23T11:25:41,700.0,44.0,S
2021-06-23T11:25:41,4000.0,44.0,S
2021-06-23T11:25:41,1400.0,44.0,S
2021-06-23T11:25:41,200.0,44.0,S
2021-06-23T11:25:41,2600.0,44.05,S
2021-06-23T11:25:41,200.0,44.5,S
2021-06-23T11:25:41,700.0,44.5,S
2021-06-23T11:25:41,3500.0,44.5,S
2021-06-23T11:25:41,800.0,44.5,S
2021-06-23T11:25:41,3500.0,44.6,S
2021-06-23T11:25:41,4300.0,44.7,S
2021-06-23T11:25:32,2600.0,44.75,S
2021-06-23T11:25:28,4400.0,44.75,S
2021-06-23T11:25:19,1600.0,44.75,S
2021-06-23T11:25:14,2000.0,44.75,S
2021-06-23T11:24:58,200.0,44.9,S
2021-06-23T11:24:58,800.0,44.9,S
2021-06-23T11:24:49,1200.0,45.0,S
2021-06-23T11:24:49,1000.0,44.9,S
2021-06-23T11:24:44,100.0,45.0,S
2021-06-23T11:24:40,100.0,45.0,S
2021-06-23T11:24:20,800.0,45.0,S
2021-06-23T11:24:18,200.0,45.0,S
2021-06-23T11:24:18,700.0,45.0,S
2021-06-23T11:24:18,100.0,45.0,S
2021-06-23T11:24:18,600.0,45.0,S
2021-06-23T11:24:18,1000.0,45.0,S
2021-06-23T11:24:18,11100.0,45.0,S
2021-06-23T11:24:18,500.0,45.0,S
2021-06-23T11:24:18,100.0,45.0,S
2021-06-23T11:24:18,13300.0,45.0,S
2021-06-23T11:24:18,2100.0,45.0,S
2021-06-23T11:24:18,200.0,45.0,S
2021-06-23T11:24:18,2600.0,45.0,S
2021-06-23T11:24:18,100.0,45.0,S
2021-06-23T11:24:18,12700.0,45.0,S
2021-06-23T11:24:18,3100.0,45.0,S
2021-06-23T11:24:18,2100.0,45.0,S
2021-06-23T11:24:18,6200.0,45.0,S
2021-06-23T11:24:18,1200.0,45.0,S
2021-06-23T11:24:17,200.0,45.0,S
2021-06-23T11:24:17,5400.0,45.05,S
2021-06-23T11:24:17,1800.0,45.05,S
2021-06-23T11:24:17,1600.0,45.05,S
2021-06-23T11:24:17,3000.0,45.05,S
2021-06-23T11:24:17,1200.0,45.05,S
2021-06-23T11:24:17,12400.0,45.05,S
2021-06-23T11:24:17,2000.0,45.1,S
2021-06-23T11:24:17,7400.0,45.1,S
2021-06-23T11:24:00,100.0,45.2,B
2021-06-23T11:23:39,100.0,45.2,B
2021-06-23T11:22:47,2000.0,45.2,B
2021-06-23T11:22:44,200.0,45.1,S
2021-06-23T11:22:38,300.0,45.2,B
2021-06-23T11:22:34,300.0,45.2,B
2021-06-23T11:22:28,300.0,45.2,B
2021-06-23T11:22:25,500.0,45.2,B
2021-06-23T11:22:16,500.0,45.05,S
2021-06-23T11:22:10,600.0,45.2,B
2021-06-23T11:22:05,500.0,45.05,S
2021-06-23T11:22:04,700.0,45.1,S
2021-06-23T11:22:04,3800.0,45.1,S
2021-06-23T11:21:59,1000.0,45.2,B
2021-06-23T11:21:39,100.0,45.2,B
2021-06-23T11:21:37,200.0,45.2,B
2021-06-23T11:21:36,200.0,45.1,S
2021-06-23T11:21:31,10000.0,45.2,B
2021-06-23T11:21:27,100.0,45.2,B
2021-06-23T11:21:09,100.0,45.2,S
2021-06-23T11:21:07,300.0,45.2,S
2021-06-23T11:21:04,5000.0,45.2,S
2021-06-23T11:20:55,100.0,45.2,S
2021-06-23T11:20:38,1000.0,45.2,S
2021-06-23T11:20:38,300.0,45.2,S
2021-06-23T11:20:38,600.0,45.2,S
2021-06-23T11:20:38,14900.0,45.2,S
2021-06-23T11:20:29,300.0,45.2,S
2021-06-23T11:20:23,100.0,45.2,S
2021-06-23T11:20:07,100.0,45.2,S
2021-06-23T11:18:50,1100.0,45.2,S
2021-06-23T11:18:47,100.0,45.1,S
2021-06-23T11:18:43,1500.0,45.1,S
2021-06-23T11:18:30,400.0,45.05,S
2021-06-23T11:18:11,1000.0,45.1,S
2021-06-23T11:18:06,200.0,45.05,S
2021-06-23T11:17:43,1000.0,45.05,S
2021-06-23T11:17:36,500.0,45.1,S
2021-06-23T11:17:20,200.0,45.1,S
2021-06-23T11:17:14,100.0,45.05,S
2021-06-23T11:17:13,1000.0,45.05,S
2021-06-23T11:17:12,300.0,45.05,S
2021-06-23T11:17:06,5000.0,45.05,S
2021-06-23T11:16:56,500.0,45.1,S
2021-06-23T11:16:51,700.0,45.1,S
2021-06-23T11:16:29,10000.0,45.05,S
2021-06-23T11:16:22,5200.0,45.1,S
2021-06-23T11:16:12,2000.0,45.1,S
2021-06-23T11:16:12,300.0,45.1,S
2021-06-23T11:16:12,200.0,45.1,S
2021-06-23T11:16:12,2300.0,45.1,S
2021-06-23T11:16:11,200.0,45.2,S
2021-06-23T11:15:37,100.0,45.1,S
2021-06-23T11:15:12,10000.0,45.1,S
2021-06-23T11:15:10,20000.0,45.2,S
2021-06-23T11:14:53,200.0,45.2,S
2021-06-23T11:14:50,2900.0,45.2,S
2021-06-23T11:14:34,500.0,45.2,S
2021-06-23T11:14:21,400.0,45.2,S
2021-06-23T11:14:18,400.0,45.2,S
2021-06-23T11:14:14,1500.0,45.2,S
2021-06-23T11:14:06,2900.0,45.2,S
2021-06-23T11:14:06,1100.0,45.2,S
2021-06-23T11:14:06,1000.0,45.25,S
2021-06-23T11:14:01,3000.0,45.5,S
2021-06-23T11:14:01,2000.0,45.5,S
2021-06-23T11:13:41,10000.0,45.2,S
2021-06-23T11:13:17,500.0,45.25,S
2021-06-23T11:13:14,700.0,45.3,S
2021-06-23T11:13:05,4000.0,45.45,S
2021-06-23T11:12:50,5000.0,45.5,S
2021-06-23T11:12:40,600.0,45.45,S
2021-06-23T11:12:40,2300.0,45.3,S
2021-06-23T11:12:40,900.0,45.35,S
2021-06-23T11:12:40,200.0,45.4,S
2021-06-23T11:12:40,6600.0,45.4,S
2021-06-23T11:12:38,300.0,45.45,S
2021-06-23T11:12:34,100.0,45.45,S
2021-06-23T11:11:43,700.0,45.45,S
2021-06-23T11:11:00,200.0,45.5,S
2021-06-23T11:11:00,500.0,45.5,S
2021-06-23T11:11:00,7400.0,45.5,S
2021-06-23T11:11:00,100.0,45.5,S
2021-06-23T11:11:00,1100.0,45.5,S
2021-06-23T11:11:00,10000.0,45.5,S
2021-06-23T11:11:00,13000.0,45.5,S
2021-06-23T11:11:00,100.0,45.55,S
2021-06-23T11:11:00,6800.0,45.55,S
2021-06-23T11:10:59,300.0,45.55,S
2021-06-23T11:10:53,2500.0,45.55,S
2021-06-23T11:10:14,400.0,45.55,S
2021-06-23T11:10:12,1000.0,45.6,S
2021-06-23T11:09:40,1500.0,45.55,S
2021-06-23T11:09:39,300.0,45.6,S
2021-06-23T11:08:53,5000.0,45.55,S
2021-06-23T11:08:41,400.0,45.6,S
2021-06-23T11:08:13,1200.0,45.6,S
2021-06-23T11:08:07,300.0,45.6,S
2021-06-23T11:08:07,200.0,45.6,S
2021-06-23T11:08:03,300.0,45.65,S
2021-06-23T11:07:12,10000.0,45.6,S
2021-06-23T11:07:07,17900.0,45.6,S
2021-06-23T11:06:43,1000.0,45.65,S
2021-06-23T11:06:00,3500.0,45.65,S
2021-06-23T11:04:29,4500.0,45.65,B
2021-06-23T11:03:35,500.0,45.65,S
2021-06-23T11:03:27,7000.0,45.65,S
2021-06-23T11:03:14,1000.0,45.65,S
2021-06-23T11:03:14,100.0,45.7,B
2021-06-23T11:03:09,500.0,45.65,S
2021-06-23T11:02:54,300.0,45.7,S
2021-06-23T11:02:54,12000.0,45.7,S
2021-06-23T11:02:54,100.0,45.7,S
2021-06-23T11:02:54,6200.0,45.7,S
2021-06-23T11:02:54,700.0,45.7,S
2021-06-23T11:02:54,5300.0,45.8,S
2021-06-23T11:02:54,2900.0,45.8,S
2021-06-23T11:02:47,4000.0,45.8,S
2021-06-23T11:02:44,100.0,45.85,B
2021-06-23T11:02:24,500.0,45.8,S
2021-06-23T11:01:31,100.0,45.85,S
2021-06-23T11:01:25,14100.0,45.85,S
2021-06-23T11:00:58,1000.0,45.85,S
2021-06-23T11:00:53,100.0,45.85,S
2021-06-23T11:00:46,400.0,45.85,S
2021-06-23T11:00:15,500.0,45.85,S
2021-06-23T10:59:53,200.0,45.85,S
2021-06-23T10:59:53,2000.0,45.85,S
2021-06-23T10:59:40,8700.0,45.85,S
2021-06-23T10:59:40,1300.0,45.9,S
2021-06-23T10:59:06,100.0,45.95,B
2021-06-23T10:59:06,100.0,45.95,B
2021-06-23T10:58:49,300.0,45.9,S
2021-06-23T10:58:49,200.0,45.9,S
2021-06-23T10:58:33,1500.0,45.9,S
2021-06-23T10:58:33,800.0,45.9,S
2021-06-23T10:58:33,2700.0,45.9,S
2021-06-23T10:57:58,100.0,45.95,B
2021-06-23T10:57:40,5000.0,45.95,S
2021-06-23T10:57:40,200.0,45.95,S
2021-06-23T10:57:40,600.0,45.95,S
2021-06-23T10:57:37,6500.0,45.95,S
2021-06-23T10:56:33,1500.0,45.95,S
2021-06-23T10:55:50,400.0,46.0,B
2021-06-23T10:54:59,400.0,46.0,B
2021-06-23T10:54:46,1000.0,45.95,S
2021-06-23T10:54:44,4000.0,45.95,S
2021-06-23T10:53:51,4000.0,46.0,B
2021-06-23T10:53:35,10000.0,45.95,S
2021-06-23T10:53:28,100.0,45.95,S
2021-06-23T10:53:26,500.0,46.0,B
2021-06-23T10:53:09,1000.0,46.0,B
2021-06-23T10:53:08,1000.0,45.95,S
2021-06-23T10:53:00,3000.0,45.95,S
2021-06-23T10:52:33,500.0,46.0,B
2021-06-23T10:51:38,3700.0,46.0,B
2021-06-23T10:51:35,1000.0,46.0,B
2021-06-23T10:51:35,200.0,46.0,B
2021-06-23T10:49:00,1800.0,46.0,S
2021-06-23T10:48:25,8200.0,46.0,B
2021-06-23T10:47:57,100.0,46.0,B
2021-06-23T10:47:03,1000.0,46.0,B
2021-06-23T10:46:17,100.0,46.0,S
2021-06-23T10:46:03,2600.0,46.0,S
2021-06-23T10:45:34,5000.0,46.0,S
2021-06-23T10:44:58,1600.0,46.1,B
2021-06-23T10:43:40,3100.0,46.1,B
2021-06-23T10:43:35,5000.0,46.0,S
2021-06-23T10:42:46,1000.0,46.05,S
2021-06-23T10:42:39,5000.0,46.05,S
2021-06-23T10:41:34,3000.0,46.05,B
2021-06-23T10:41:18,2000.0,46.05,S
2021-06-23T10:40:50,100.0,46.05,S
2021-06-23T10:40:22,200.0,46.1,B
2021-06-23T10:40:22,9800.0,46.1,B
2021-06-23T10:40:02,600.0,46.05,B
2021-06-23T10:39:59,500.0,46.05,B
2021-06-23T10:39:56,2600.0,46.05,B
2021-06-23T10:39:37,1000.0,46.05,B
2021-06-23T10:39:00,2600.0,46.05,S
2021-06-23T10:38:44,1000.0,46.05,S
2021-06-23T10:38:34,7000.0,46.05,S
2021-06-23T10:37:45,4800.0,46.0,B
2021-06-23T10:37:40,2000.0,46.0,B
2021-06-23T10:37:38,200.0,46.0,B
2021-06-23T10:37:26,500.0,46.0,B
2021-06-23T10:36:57,1000.0,46.0,B
2021-06-23T10:36:23,100.0,45.95,S
2021-06-23T10:35:09,1000.0,45.95,S
2021-06-23T10:35:09,500.0,45.95,S
2021-06-23T10:35:00,1400.0,45.95,S
2021-06-23T10:33:52,100.0,45.95,S
2021-06-23T10:33:48,400.0,46.0,B
2021-06-23T10:33:28,1500.0,45.95,S
2021-06-23T10:33:00,100.0,45.95,S
2021-06-23T10:32:20,300.0,46.0,B
2021-06-23T10:31:27,300.0,46.0,S
2021-06-23T10:30:29,1000.0,46.1,B
2021-06-23T10:28:19,300.0,46.0,B
2021-06-23T10:28:18,300.0,46.0,B
2021-06-23T10:28:00,700.0,46.0,B
2021-06-23T10:26:33,500.0,46.0,S
2021-06-23T10:26:23,1300.0,46.0,S
2021-06-23T10:26:08,100.0,46.1,B
2021-06-23T10:26:02,15200.0,46.0,S
2021-06-23T10:25:55,100.0,46.0,S
2021-06-23T10:24:50,400.0,46.0,B
2021-06-23T10:24:47,600.0,46.0,S
2021-06-23T10:24:07,2600.0,46.0,B
2021-06-23T10:23:16,500.0,46.0,B
2021-06-23T10:23:13,200.0,46.0,B
2021-06-23T10:22:48,300.0,46.0,B
2021-06-23T10:20:56,2500.0,46.0,S
2021-06-23T10:18:30,1000.0,46.0,S
2021-06-23T10:17:45,200.0,46.0,S
2021-06-23T10:17:13,700.0,46.1,B
2021-06-23T10:16:04,200.0,46.1,B
2021-06-23T10:15:32,100.0,46.1,B
2021-06-23T10:14:30,100.0,46.0,S
2021-06-23T10:14:11,900.0,46.0,S
2021-06-23T10:14:09,1000.0,46.0,S
2021-06-23T10:13:45,1000.0,46.0,B
2021-06-23T10:13:45,600.0,46.0,B
2021-06-23T10:13:15,1000.0,45.95,S
2021-06-23T10:12:37,2000.0,46.0,S
2021-06-23T10:12:29,200.0,46.0,S
2021-06-23T10:12:19,1000.0,46.1,B
2021-06-23T10:11:58,1000.0,46.0,S
2021-06-23T10:11:15,2000.0,46.0,S
2021-06-23T10:10:54,500.0,46.1,B
2021-06-23T10:10:36,5000.0,46.1,B
2021-06-23T10:09:36,4400.0,46.0,B
2021-06-23T10:08:33,1700.0,46.0,B
2021-06-23T10:08:33,300.0,46.0,B
2021-06-23T10:08:26,1500.0,45.95,S
2021-06-23T10:08:17,1000.0,46.0,B
2021-06-23T10:08:13,100.0,46.0,B
2021-06-23T10:08:08,5000.0,46.0,B
2021-06-23T10:08:07,500.0,46.0,B
2021-06-23T10:07:46,5000.0,46.0,B
2021-06-23T10:07:38,700.0,46.0,B
2021-06-23T10:07:29,500.0,46.0,B
2021-06-23T10:07:09,100.0,46.0,B
2021-06-23T10:05:13,200.0,46.0,B
2021-06-23T10:05:12,200.0,45.9,S
2021-06-23T10:04:08,300.0,45.9,S
2021-06-23T10:04:02,2000.0,45.9,S
2021-06-23T10:03:55,1000.0,46.0,B
2021-06-23T10:03:45,5200.0,45.9,S
2021-06-23T10:03:45,2400.0,45.9,S
2021-06-23T10:02:40,200.0,45.9,S
2021-06-23T10:01:56,500.0,46.0,S
2021-06-23T10:01:33,3000.0,46.0,B
2021-06-23T10:01:10,500.0,46.0,B
2021-06-23T10:00:07,100.0,46.0,B
2021-06-23T10:00:03,200.0,46.0,B
2021-06-23T09:59:28,100.0,46.0,B
2021-06-23T09:59:25,2500.0,46.0,B
2021-06-23T09:59:04,100.0,46.0,B
2021-06-23T09:58:53,400.0,46.0,B
2021-06-23T09:58:38,500.0,46.0,B
2021-06-23T09:58:37,5000.0,45.9,S
2021-06-23T09:58:37,500.0,46.0,B
2021-06-23T09:58:17,200.0,46.0,B
2021-06-23T09:58:00,200.0,46.0,B
2021-06-23T09:57:37,500.0,46.0,B
2021-06-23T09:57:26,200.0,46.0,B
2021-06-23T09:57:03,5000.0,46.0,B
2021-06-23T09:56:36,300.0,46.0,B
2021-06-23T09:55:58,1000.0,46.0,B
2021-06-23T09:55:49,4500.0,46.0,B
2021-06-23T09:55:18,900.0,46.1,B
2021-06-23T09:55:06,900.0,46.1,B
2021-06-23T09:53:47,200.0,46.1,B
2021-06-23T09:53:22,100.0,45.95,B
2021-06-23T09:52:56,100.0,45.95,S
2021-06-23T09:51:51,4000.0,45.9,S
2021-06-23T09:51:43,4400.0,46.0,B
2021-06-23T09:50:26,500.0,46.0,B
2021-06-23T09:50:10,500.0,45.9,S
2021-06-23T09:49:53,100.0,46.0,B
2021-06-23T09:49:34,1000.0,46.0,B
2021-06-23T09:49:18,3000.0,46.0,B
2021-06-23T09:48:52,200.0,46.0,B
2021-06-23T09:48:39,3000.0,46.0,S
2021-06-23T09:48:39,1500.0,46.1,B
2021-06-23T09:48:24,500.0,46.1,B
2021-06-23T09:47:50,1600.0,46.0,S
2021-06-23T09:47:31,200.0,46.0,S
2021-06-23T09:47:31,800.0,46.0,S
2021-06-23T09:46:53,50000.0,46.0,S
2021-06-23T09:46:51,1000.0,46.1,S
2021-06-23T09:46:31,500.0,46.1,S
2021-06-23T09:45:36,21600.0,46.2,S
2021-06-23T09:44:42,1000.0,46.25,S
2021-06-23T09:44:36,100.0,46.3,B
2021-06-23T09:43:45,3500.0,46.3,B
2021-06-23T09:43:35,200.0,46.3,B
2021-06-23T09:43:20,2000.0,46.3,B
2021-06-23T09:42:53,4900.0,46.3,S
2021-06-23T09:42:50,400.0,46.3,S
2021-06-23T09:42:42,10000.0,46.3,S
2021-06-23T09:42:32,300.0,46.3,S
2021-06-23T09:41:45,400.0,46.3,S
2021-06-23T09:41:06,900.0,46.4,B
2021-06-23T09:40:45,200.0,46.3,S
2021-06-23T09:40:09,4000.0,46.3,B
2021-06-23T09:39:47,400.0,46.25,S
2021-06-23T09:39:40,200.0,46.25,B
2021-06-23T09:39:34,7000.0,46.25,B
2021-06-23T09:39:34,1500.0,46.25,B
2021-06-23T09:39:14,500.0,46.2,S
2021-06-23T09:39:10,500.0,46.25,B
2021-06-23T09:39:04,200.0,46.2,S
2021-06-23T09:38:38,100.0,46.2,S
2021-06-23T09:37:55,100.0,46.2,S
2021-06-23T09:37:49,1200.0,46.25,B
2021-06-23T09:37:39,100.0,46.25,B
2021-06-23T09:37:05,500.0,46.25,B
2021-06-23T09:36:43,500.0,46.25,S
2021-06-23T09:36:27,300.0,46.25,S
2021-06-23T09:36:26,700.0,46.3,B
2021-06-23T09:36:14,1000.0,46.3,B
2021-06-23T09:36:07,5000.0,46.25,S
2021-06-23T09:35:32,300.0,46.3,S
2021-06-23T09:35:26,2300.0,46.3,S
2021-06-23T09:34:27,1000.0,46.3,S
2021-06-23T09:34:15,10000.0,46.25,S
2021-06-23T09:33:53,1000.0,46.3,B
2021-06-23T09:33:43,100.0,46.3,B
2021-06-23T09:33:39,3400.0,46.4,B
2021-06-23T09:32:59,5000.0,46.3,B
2021-06-23T09:32:07,100.0,46.3,S
2021-06-23T09:32:02,300.0,46.3,S
2021-06-23T09:31:53,500.0,46.3,S
2021-06-23T09:31:32,300.0,46.25,S
2021-06-23T09:31:32,500.0,46.25,S
2021-06-23T09:31:23,100.0,46.3,S
2021-06-23T09:31:21,500.0,46.3,S
2021-06-23T09:30:47,600.0,46.3,S
2021-06-23T09:30:33,1000.0,46.3,S
2021-06-23T09:30:22,500.0,46.4,B
2021-06-23T09:30:00,400.0,46.4,S
2021-06-23T09:29:57,4100.0,46.4,S
2021-06-23T09:29:46,2700.0,46.4,S
2021-06-23T09:29:26,200.0,46.4,S
2021-06-23T09:29:14,200.0,46.4,S
2021-06-23T09:29:12,2700.0,46.4,S
2021-06-23T09:29:09,7300.0,46.4,S
2021-06-23T09:28:49,500.0,46.4,S
2021-06-23T09:28:49,2200.0,46.4,S
2021-06-23T09:28:15,500.0,46.4,B
2021-06-23T09:28:01,10000.0,46.4,B
2021-06-23T09:28:00,2000.0,46.4,B
2021-06-23T09:27:56,900.0,46.4,B
2021-06-23T09:27:46,1000.0,46.4,B
2021-06-23T09:27:45,5000.0,46.3,S
2021-06-23T09:27:29,1400.0,46.4,B
2021-06-23T09:27:27,2600.0,46.4,B
2021-06-23T09:27:22,3300.0,46.4,B
2021-06-23T09:27:22,400.0,46.4,B
2021-06-23T09:27:21,1300.0,46.4,B
2021-06-23T09:27:12,200.0,46.35,S
2021-06-23T09:26:54,500.0,46.35,S
2021-06-23T09:26:36,800.0,46.4,S
2021-06-23T09:26:34,1000.0,46.4,S
2021-06-23T09:26:28,300.0,46.4,S
2021-06-23T09:26:13,900.0,46.4,B
2021-06-23T09:26:11,300.0,46.4,B
2021-06-23T09:25:56,900.0,46.4,B
2021-06-23T09:25:45,100.0,46.35,S
2021-06-23T09:25:39,10000.0,46.4,B
2021-06-23T09:25:24,1000.0,46.3,S
2021-06-23T09:25:11,200.0,46.4,S
2021-06-23T09:25:07,1000.0,46.4,S
2021-06-23T09:25:07,100.0,46.3,S
2021-06-23T09:25:07,1600.0,46.3,S
2021-06-23T09:24:28,500.0,46.5,B
2021-06-23T09:24:28,1500.0,46.5,B
2021-06-23T09:24:02,100.0,46.5,B
2021-06-23T09:24:01,5000.0,46.5,B
2021-06-23T09:23:56,300.0,46.5,B
2021-06-23T09:23:39,1800.0,46.5,B
2021-06-23T09:23:14,1500.0,46.5,B
2021-06-23T09:23:13,1000.0,46.5,B
2021-06-23T09:22:27,1000.0,46.5,B
2021-06-23T09:22:18,2000.0,46.2,S
2021-06-23T09:22:15,10000.0,46.5,B
2021-06-23T09:22:09,100.0,46.5,B
2021-06-23T09:22:09,2100.0,46.5,B
2021-06-23T09:22:09,2800.0,46.5,B
2021-06-23T09:21:51,7200.0,46.2,B
2021-06-23T09:21:47,400.0,46.1,S
2021-06-23T09:21:42,100.0,46.1,S
2021-06-23T09:21:17,5500.0,46.1,B
2021-06-23T09:21:08,100.0,46.0,S
2021-06-23T09:20:59,500.0,46.0,S
2021-06-23T09:20:19,1000.0,46.0,S
2021-06-23T09:20:16,100.0,46.0,S
2021-06-23T09:19:37,700.0,46.0,S
2021-06-23T09:18:46,500.0,45.85,S
2021-06-23T09:18:21,100.0,46.0,S
2021-06-23T09:18:17,3000.0,46.0,S
2021-06-23T09:17:52,400.0,46.0,S
2021-06-23T09:17:38,500.0,46.0,S
2021-06-23T09:16:35,3500.0,46.0,S
2021-06-23T09:16:32,6500.0,46.0,S
2021-06-23T09:16:07,100.0,46.2,B
