tradingTime,volume,price,side
2021-06-23T14:23:34,800.0,3.0,B
2021-06-23T14:23:30,9000.0,3.0,B
2021-06-23T14:23:28,2000.0,3.0,B
2021-06-23T14:23:27,3000.0,3.0,B
2021-06-23T14:23:24,3900.0,3.0,B
2021-06-23T14:23:20,1000.0,3.0,B
2021-06-23T14:23:19,1000.0,3.0,B
2021-06-23T14:23:19,500.0,3.0,B
2021-06-23T14:23:14,2000.0,3.0,B
2021-06-23T14:23:07,1000.0,3.0,B
2021-06-23T14:23:02,1000.0,3.0,B
2021-06-23T14:22:54,300.0,3.0,B
2021-06-23T14:22:52,5000.0,3.0,B
2021-06-23T14:22:45,300.0,3.0,B
2021-06-23T14:22:40,5000.0,3.0,B
2021-06-23T14:22:39,1000.0,3.0,B
2021-06-23T14:22:38,600.0,3.0,B
2021-06-23T14:22:29,1000.0,3.0,B
2021-06-23T14:22:17,1000.0,3.0,B
2021-06-23T14:22:16,600.0,3.0,B
2021-06-23T14:22:06,3000.0,3.0,B
2021-06-23T14:22:01,40000.0,3.0,B
2021-06-23T14:21:51,100.0,2.9,S
2021-06-23T14:21:27,1000.0,3.0,B
2021-06-23T14:21:11,2000.0,3.0,B
2021-06-23T14:21:09,3000.0,3.0,B
2021-06-23T14:20:48,400.0,3.0,B
2021-06-23T14:20:45,1000.0,3.0,B
2021-06-23T14:20:38,100.0,3.0,B
2021-06-23T14:20:34,57900.0,3.0,B
2021-06-23T14:20:24,2900.0,3.0,S
2021-06-23T14:20:00,5000.0,3.0,S
2021-06-23T14:19:21,800000.0,3.0,S
2021-06-23T14:17:56,100.0,3.0,S
2021-06-23T14:16:29,6000.0,3.1,B
2021-06-23T14:12:21,300.0,3.1,B
2021-06-23T14:12:07,300.0,3.1,B
2021-06-23T14:10:26,300.0,3.1,B
2021-06-23T14:10:24,1000.0,3.0,S
2021-06-23T14:10:08,2000.0,3.0,S
2021-06-23T14:09:13,9000.0,3.0,S
2021-06-23T14:09:12,600.0,3.0,S
2021-06-23T14:07:22,10000.0,3.0,S
2021-06-23T14:06:05,200.0,3.0,S
2021-06-23T14:05:09,10000.0,3.0,S
2021-06-23T14:04:35,200.0,3.0,S
2021-06-23T14:01:14,5000.0,3.1,B
2021-06-23T13:59:40,600.0,3.0,S
2021-06-23T13:59:14,500.0,3.0,S
2021-06-23T13:59:00,5000.0,3.0,S
2021-06-23T13:56:49,5000.0,3.1,B
2021-06-23T13:56:25,100.0,3.1,B
2021-06-23T13:53:38,5000.0,3.1,B
2021-06-23T13:49:42,1900.0,3.0,S
2021-06-23T13:48:28,100.0,3.1,B
2021-06-23T13:46:24,15000.0,3.0,S
2021-06-23T13:44:46,4200.0,3.1,B
2021-06-23T13:44:06,300.0,3.1,B
2021-06-23T13:43:10,4000.0,3.1,B
2021-06-23T13:41:38,100.0,3.1,B
2021-06-23T13:40:32,4000.0,3.0,S
2021-06-23T13:40:20,1000.0,3.0,S
2021-06-23T13:40:02,500.0,3.0,S
2021-06-23T13:39:16,4100.0,3.0,S
2021-06-23T13:39:05,100.0,3.0,S
2021-06-23T13:38:42,800.0,3.1,B
2021-06-23T13:37:40,2000.0,3.1,B
2021-06-23T13:37:16,300.0,3.1,B
2021-06-23T13:37:05,1000.0,3.1,B
2021-06-23T13:35:17,1000.0,3.1,B
2021-06-23T13:33:35,2300.0,3.0,S
2021-06-23T13:33:31,4600.0,3.0,S
2021-06-23T13:30:04,2000.0,3.0,S
2021-06-23T13:27:02,3000.0,3.0,S
2021-06-23T13:24:33,100.0,3.0,S
2021-06-23T13:22:58,11000.0,3.0,S
2021-06-23T13:22:46,10000.0,3.0,S
2021-06-23T13:22:01,14800.0,3.0,S
2021-06-23T13:22:01,600.0,3.0,S
2021-06-23T13:21:28,10000.0,3.0,S
2021-06-23T13:18:04,4700.0,3.1,B
2021-06-23T13:17:31,1000.0,3.1,B
2021-06-23T13:16:02,100.0,3.1,B
2021-06-23T13:15:38,300.0,3.1,B
2021-06-23T13:14:58,1000.0,3.0,S
2021-06-23T13:10:26,500.0,3.0,S
2021-06-23T13:09:04,9800.0,3.0,S
2021-06-23T13:07:10,100.0,3.1,B
2021-06-23T13:06:23,700.0,3.0,S
2021-06-23T13:05:53,300.0,3.0,S
2021-06-23T13:04:56,800.0,3.0,S
2021-06-23T13:04:01,700.0,3.1,B
2021-06-23T13:03:10,26800.0,3.0,S
2021-06-23T13:00:41,100.0,3.1,B
2021-06-23T13:00:16,300.0,3.0,S
2021-06-23T13:00:14,1200.0,3.0,S
2021-06-23T11:27:11,5000.0,3.0,S
2021-06-23T11:25:20,300.0,3.0,S
2021-06-23T11:21:18,300.0,3.0,S
2021-06-23T11:20:16,5000.0,3.0,S
2021-06-23T11:15:33,3500.0,3.0,S
2021-06-23T11:11:49,3000.0,3.0,S
2021-06-23T11:10:31,10000.0,3.0,S
2021-06-23T11:09:42,10000.0,3.0,S
2021-06-23T11:04:34,1000.0,3.0,S
2021-06-23T11:02:58,200.0,3.0,S
2021-06-23T11:02:53,500.0,3.1,B
2021-06-23T11:02:50,500.0,3.1,B
2021-06-23T11:01:11,4200.0,3.1,B
2021-06-23T10:56:29,20000.0,3.1,B
2021-06-23T10:52:42,2000.0,3.1,B
2021-06-23T10:50:58,900.0,3.1,B
2021-06-23T10:50:03,2000.0,3.1,B
2021-06-23T10:50:02,20000.0,3.0,S
2021-06-23T10:49:38,2000.0,3.1,B
2021-06-23T10:49:18,100.0,3.1,B
2021-06-23T10:48:06,400.0,3.1,B
2021-06-23T10:44:07,900.0,3.0,S
2021-06-23T10:43:42,2000.0,3.1,B
2021-06-23T10:39:12,100.0,3.1,B
2021-06-23T10:37:56,1000.0,3.1,B
2021-06-23T10:37:13,10000.0,3.0,S
2021-06-23T10:36:06,200.0,3.1,B
2021-06-23T10:35:53,500.0,3.1,B
2021-06-23T10:35:12,500.0,3.1,B
2021-06-23T10:33:06,1000.0,3.1,B
2021-06-23T10:30:54,100.0,3.1,B
2021-06-23T10:30:42,500.0,3.1,B
2021-06-23T10:30:16,1000.0,3.1,B
2021-06-23T10:28:28,10000.0,3.1,B
2021-06-23T10:27:06,600.0,3.0,S
2021-06-23T10:25:57,3000.0,3.1,B
2021-06-23T10:25:30,1000.0,3.1,B
2021-06-23T10:24:36,200.0,3.1,B
2021-06-23T10:23:07,20000.0,3.0,S
2021-06-23T10:22:40,1300.0,3.1,B
2021-06-23T10:18:15,300.0,3.0,S
2021-06-23T10:15:19,10000.0,3.1,B
2021-06-23T10:13:52,100.0,3.1,B
2021-06-23T10:11:29,1000.0,3.0,S
2021-06-23T10:09:50,20000.0,3.0,S
2021-06-23T10:08:27,1100.0,3.1,B
2021-06-23T10:08:07,1000.0,3.1,B
2021-06-23T10:07:34,2000.0,3.1,B
2021-06-23T10:07:03,6000.0,3.1,B
2021-06-23T10:05:55,25000.0,3.1,B
2021-06-23T10:05:21,100.0,3.0,S
2021-06-23T10:04:39,200.0,3.0,S
2021-06-23T10:02:21,200.0,3.0,S
2021-06-23T10:02:14,300.0,3.1,B
2021-06-23T10:01:22,600.0,3.1,B
2021-06-23T10:00:53,200.0,3.1,B
2021-06-23T10:00:46,20000.0,3.0,S
2021-06-23T10:00:21,600.0,3.1,B
2021-06-23T09:59:28,100.0,3.1,B
2021-06-23T09:58:44,100.0,3.1,B
2021-06-23T09:58:37,200.0,3.1,B
2021-06-23T09:58:25,10000.0,3.1,B
2021-06-23T09:57:55,100.0,3.1,B
2021-06-23T09:57:29,2000.0,3.0,S
2021-06-23T09:57:21,5000.0,3.0,S
2021-06-23T09:56:21,500.0,3.1,B
2021-06-23T09:56:15,2000.0,3.1,B
2021-06-23T09:56:10,300.0,3.1,B
2021-06-23T09:55:40,300.0,3.1,B
2021-06-23T09:55:14,200.0,3.1,B
2021-06-23T09:54:10,1200.0,3.1,B
2021-06-23T09:53:33,1000.0,3.0,S
2021-06-23T09:53:24,5000.0,3.1,B
2021-06-23T09:52:18,8300.0,3.1,B
2021-06-23T09:50:20,200.0,3.1,B
2021-06-23T09:50:04,100.0,3.1,B
2021-06-23T09:48:53,2000.0,3.1,B
2021-06-23T09:47:48,1000.0,3.1,B
2021-06-23T09:46:28,1000.0,3.1,B
2021-06-23T09:45:55,7000.0,3.0,S
2021-06-23T09:44:41,1000.0,3.1,B
2021-06-23T09:44:01,2500.0,3.0,S
2021-06-23T09:42:07,10000.0,3.0,S
2021-06-23T09:41:44,3000.0,3.0,S
2021-06-23T09:41:11,25000.0,3.0,S
2021-06-23T09:36:48,300.0,3.0,S
2021-06-23T09:34:12,10000.0,3.1,B
2021-06-23T09:34:00,5000.0,3.0,S
2021-06-23T09:33:47,7800.0,3.0,S
2021-06-23T09:32:11,9700.0,3.0,S
2021-06-23T09:31:45,500.0,3.0,S
2021-06-23T09:31:11,2600.0,3.0,S
2021-06-23T09:30:03,27000.0,3.0,S
2021-06-23T09:29:16,5000.0,3.0,S
2021-06-23T09:29:09,200.0,3.0,S
2021-06-23T09:28:41,100.0,3.0,S
2021-06-23T09:28:24,100.0,3.1,B
2021-06-23T09:27:55,10000.0,3.0,S
2021-06-23T09:27:33,700.0,3.1,B
2021-06-23T09:27:13,100.0,3.0,S
2021-06-23T09:26:42,500.0,3.0,S
2021-06-23T09:26:29,200.0,3.1,B
2021-06-23T09:25:54,13100.0,3.0,S
2021-06-23T09:24:43,4000.0,3.0,S
2021-06-23T09:24:29,10000.0,3.0,S
2021-06-23T09:24:19,300.0,3.0,S
2021-06-23T09:23:17,1000.0,3.0,S
2021-06-23T09:21:29,3000.0,3.0,S
2021-06-23T09:21:17,6000.0,3.0,S
2021-06-23T09:21:07,100.0,3.1,B
2021-06-23T09:20:41,100.0,3.1,B
2021-06-23T09:19:19,100.0,3.1,B
2021-06-23T09:19:05,1000.0,3.0,S
2021-06-23T09:18:53,47200.0,3.0,S
2021-06-23T09:18:33,100.0,3.0,S
2021-06-23T09:16:44,15000.0,3.0,S
2021-06-23T09:14:10,100.0,3.1,B
2021-06-23T09:12:20,300.0,3.0,S
2021-06-23T09:11:13,100.0,3.0,S
2021-06-23T09:11:07,1000.0,3.1,B
2021-06-23T09:10:53,200.0,3.1,B
2021-06-23T09:09:16,500.0,3.1,B
2021-06-23T09:07:26,100.0,3.1,B
2021-06-23T09:06:12,1000.0,3.1,B
2021-06-23T09:05:55,5000.0,3.1,B
2021-06-23T09:04:39,2000.0,3.1,B
2021-06-23T09:03:22,100.0,3.1,B
2021-06-23T09:01:09,1000.0,3.1,B
2021-06-23T09:01:04,3200.0,3.1,B
2021-06-23T09:01:02,200.0,3.1,B
2021-06-23T09:00:58,100.0,3.1,B
2021-06-23T09:00:54,3000.0,3.1,B
2021-06-23T09:00:40,20000.0,3.1,B
