tradingTime,volume,price,side
2021-06-23T14:18:34,5200.0,8.75,B
2021-06-23T14:18:28,1000.0,8.73,S
2021-06-23T14:17:15,300.0,8.73,B
2021-06-23T14:16:30,500.0,8.73,B
2021-06-23T14:16:08,200.0,8.73,B
2021-06-23T14:15:41,2000.0,8.73,B
2021-06-23T14:07:25,500.0,8.73,B
2021-06-23T14:04:28,500.0,8.71,S
2021-06-23T14:02:42,5000.0,8.7,S
2021-06-23T13:58:56,10000.0,8.7,S
2021-06-23T13:44:02,100.0,8.71,S
2021-06-23T13:42:17,100.0,8.71,S
2021-06-23T13:39:51,1500.0,8.7,B
2021-06-23T13:38:45,100.0,8.7,B
2021-06-23T13:36:41,200.0,8.67,S
2021-06-23T13:36:02,300.0,8.67,B
2021-06-23T13:35:50,1800.0,8.67,B
2021-06-23T13:35:12,700.0,8.67,B
2021-06-23T13:34:37,100.0,8.67,B
2021-06-23T13:33:40,25800.0,8.66,B
2021-06-23T13:31:20,5000.0,8.66,B
2021-06-23T13:31:20,900.0,8.6,S
2021-06-23T13:31:20,12100.0,8.6,S
2021-06-23T13:29:40,100.0,8.63,S
2021-06-23T13:28:49,1000.0,8.65,S
2021-06-23T13:28:49,1200.0,8.65,S
2021-06-23T13:28:12,4600.0,8.66,B
2021-06-23T13:27:25,300.0,8.66,B
2021-06-23T13:26:26,100.0,8.66,S
2021-06-23T13:25:30,5000.0,8.66,S
2021-06-23T13:25:28,800.0,8.7,B
2021-06-23T13:25:14,2000.0,8.68,S
2021-06-23T13:25:10,14500.0,8.68,S
2021-06-23T13:23:20,700.0,8.7,S
2021-06-23T13:23:19,2200.0,8.7,S
2021-06-23T13:23:19,2400.0,8.7,S
2021-06-23T13:23:19,4700.0,8.7,S
2021-06-23T13:22:26,5000.0,8.7,S
2021-06-23T13:22:15,3000.0,8.7,S
2021-06-23T13:22:04,300.0,8.7,S
2021-06-23T13:20:33,4000.0,8.7,S
2021-06-23T13:20:27,5000.0,8.7,S
2021-06-23T13:19:58,3000.0,8.7,S
2021-06-23T13:18:27,4000.0,8.7,S
2021-06-23T13:17:58,400.0,8.71,S
2021-06-23T13:17:04,3000.0,8.7,S
2021-06-23T13:15:57,5000.0,8.71,S
2021-06-23T13:15:09,600.0,8.71,S
2021-06-23T13:14:12,3000.0,8.71,S
2021-06-23T13:13:47,1200.0,8.71,S
2021-06-23T13:12:00,600.0,8.71,S
2021-06-23T13:12:00,2400.0,8.71,S
2021-06-23T13:11:06,100.0,8.76,B
2021-06-23T13:06:46,500.0,8.76,B
2021-06-23T13:06:45,1500.0,8.76,B
2021-06-23T13:04:53,500.0,8.76,B
2021-06-23T13:03:47,3000.0,8.7,S
2021-06-23T13:00:53,200.0,8.75,B
2021-06-23T13:00:52,1000.0,8.75,B
2021-06-23T13:00:48,1000.0,8.75,B
2021-06-23T13:00:20,100.0,8.75,B
2021-06-23T13:00:17,2100.0,8.74,B
2021-06-23T13:00:17,8000.0,8.74,B
2021-06-23T11:30:05,2300.0,8.7,S
2021-06-23T11:30:05,500.0,8.7,S
2021-06-23T11:30:05,200.0,8.7,S
2021-06-23T11:28:19,2600.0,8.7,S
2021-06-23T11:28:18,2400.0,8.7,S
2021-06-23T11:27:36,200.0,8.7,S
2021-06-23T11:27:08,1100.0,8.7,S
2021-06-23T11:27:08,3900.0,8.7,S
2021-06-23T11:27:07,3000.0,8.7,S
2021-06-23T11:25:30,3000.0,8.7,S
2021-06-23T11:25:07,500.0,8.72,S
2021-06-23T11:24:54,3400.0,8.72,S
2021-06-23T11:24:03,200.0,8.74,S
2021-06-23T11:23:15,400.0,8.73,S
2021-06-23T11:23:15,200.0,8.73,S
2021-06-23T11:22:00,1000.0,8.74,S
2021-06-23T11:21:28,700.0,8.74,S
2021-06-23T11:21:20,2000.0,8.74,S
2021-06-23T11:20:56,500.0,8.74,S
2021-06-23T11:19:36,3000.0,8.74,S
2021-06-23T11:16:44,3000.0,8.74,S
2021-06-23T11:16:17,2000.0,8.74,S
2021-06-23T11:13:43,1800.0,8.74,S
2021-06-23T11:11:32,100.0,8.76,B
2021-06-23T11:10:52,100.0,8.76,B
2021-06-23T11:10:38,1300.0,8.72,S
2021-06-23T11:10:38,3700.0,8.75,S
2021-06-23T11:09:59,100.0,8.75,S
2021-06-23T11:09:01,1000.0,8.76,B
2021-06-23T11:07:31,8200.0,8.76,S
2021-06-23T11:05:38,5000.0,8.76,S
2021-06-23T11:05:32,2800.0,8.76,S
2021-06-23T11:05:31,2200.0,8.76,S
2021-06-23T11:03:45,8800.0,8.76,B
2021-06-23T11:02:41,1000.0,8.75,S
2021-06-23T11:01:44,100.0,8.75,B
2021-06-23T11:01:25,1000.0,8.75,B
2021-06-23T11:00:59,1000.0,8.75,B
2021-06-23T11:00:35,2000.0,8.75,B
2021-06-23T10:59:15,100.0,8.74,S
2021-06-23T10:58:55,6500.0,8.75,S
2021-06-23T10:58:49,1000.0,8.75,S
2021-06-23T10:57:38,10000.0,8.75,S
2021-06-23T10:55:47,3000.0,8.75,S
2021-06-23T10:55:46,7100.0,8.76,S
2021-06-23T10:55:07,600.0,8.77,S
2021-06-23T10:55:07,15300.0,8.77,S
2021-06-23T10:55:07,8400.0,8.78,S
2021-06-23T10:54:18,800.0,8.79,B
2021-06-23T10:53:52,1000.0,8.79,B
2021-06-23T10:53:30,1000.0,8.79,B
2021-06-23T10:52:59,1000.0,8.79,B
2021-06-23T10:52:45,100.0,8.79,B
2021-06-23T10:52:20,1000.0,8.79,S
2021-06-23T10:51:41,1100.0,8.79,S
2021-06-23T10:51:02,4000.0,8.79,B
2021-06-23T10:50:27,10000.0,8.77,S
2021-06-23T10:49:03,20000.0,8.77,S
2021-06-23T10:48:18,6000.0,8.78,S
2021-06-23T10:48:10,2000.0,8.79,B
2021-06-23T10:46:47,900.0,8.79,B
2021-06-23T10:46:42,300.0,8.79,B
2021-06-23T10:45:02,1800.0,8.79,S
2021-06-23T10:44:45,4300.0,8.8,B
2021-06-23T10:43:45,3000.0,8.79,S
2021-06-23T10:43:23,500.0,8.8,B
2021-06-23T10:43:10,1000.0,8.8,B
2021-06-23T10:40:54,4300.0,8.79,B
2021-06-23T10:40:46,1000.0,8.79,B
2021-06-23T10:40:29,100.0,8.79,B
2021-06-23T10:40:13,7200.0,8.79,S
2021-06-23T10:40:13,900.0,8.79,S
2021-06-23T10:39:26,400.0,8.8,B
2021-06-23T10:39:06,1000.0,8.8,S
2021-06-23T10:38:23,400.0,8.8,B
2021-06-23T10:37:05,100.0,8.8,B
2021-06-23T10:37:05,900.0,8.8,B
2021-06-23T10:36:52,300.0,8.8,B
2021-06-23T10:36:41,100.0,8.8,B
2021-06-23T10:36:36,1000.0,8.8,B
2021-06-23T10:36:08,900.0,8.8,B
2021-06-23T10:36:06,1000.0,8.8,B
2021-06-23T10:35:50,1100.0,8.8,S
2021-06-23T10:35:21,10000.0,8.8,S
2021-06-23T10:32:23,1800.0,8.84,S
2021-06-23T10:30:56,2800.0,8.85,S
2021-06-23T10:30:10,500.0,8.86,B
2021-06-23T10:30:00,1000.0,8.86,B
2021-06-23T10:23:49,1000.0,8.86,B
2021-06-23T10:23:13,9300.0,8.85,B
2021-06-23T10:21:08,1300.0,8.85,B
2021-06-23T10:20:41,300.0,8.84,B
2021-06-23T10:19:59,200.0,8.84,B
2021-06-23T10:18:43,3400.0,8.83,B
2021-06-23T10:17:31,200.0,8.8,S
2021-06-23T10:16:55,200.0,8.8,S
2021-06-23T10:12:54,900.0,8.8,S
2021-06-23T10:12:27,1100.0,8.8,B
2021-06-23T10:12:21,100.0,8.8,B
2021-06-23T10:12:18,1000.0,8.8,B
2021-06-23T10:11:40,200.0,8.8,S
2021-06-23T10:11:15,100.0,8.8,S
2021-06-23T10:08:36,1000.0,8.8,S
2021-06-23T10:08:33,1000.0,8.8,S
2021-06-23T10:08:01,500.0,8.8,S
2021-06-23T10:07:46,500.0,8.8,S
2021-06-23T10:07:14,5000.0,8.8,B
2021-06-23T10:06:17,5000.0,8.8,B
2021-06-23T10:06:17,200.0,8.8,B
2021-06-23T10:06:11,1100.0,8.79,S
2021-06-23T10:05:32,2400.0,8.8,S
2021-06-23T10:05:32,2400.0,8.8,S
2021-06-23T10:05:32,1600.0,8.8,S
2021-06-23T10:05:32,2000.0,8.8,S
2021-06-23T10:05:32,1400.0,8.8,S
2021-06-23T10:05:14,600.0,8.8,S
2021-06-23T10:04:50,2000.0,8.8,S
2021-06-23T10:03:37,100.0,8.8,S
2021-06-23T10:02:25,300.0,8.8,S
2021-06-23T10:01:19,1700.0,8.8,S
2021-06-23T10:01:19,700.0,8.8,S
2021-06-23T09:59:01,9000.0,8.8,S
2021-06-23T09:58:49,100.0,8.82,S
2021-06-23T09:58:37,100.0,8.82,S
2021-06-23T09:58:20,500.0,8.82,B
2021-06-23T09:58:08,5300.0,8.81,S
2021-06-23T09:57:09,200.0,8.8,S
2021-06-23T09:56:14,700.0,8.8,S
2021-06-23T09:56:14,1300.0,8.8,S
2021-06-23T09:53:52,500.0,8.8,S
2021-06-23T09:53:52,2500.0,8.8,S
2021-06-23T09:52:14,1000.0,8.85,S
2021-06-23T09:52:07,1400.0,8.85,S
2021-06-23T09:51:51,3200.0,8.85,S
2021-06-23T09:51:51,3300.0,8.85,S
2021-06-23T09:51:02,2000.0,8.85,S
2021-06-23T09:50:33,300.0,8.86,S
2021-06-23T09:50:27,3600.0,8.86,S
2021-06-23T09:50:19,100.0,8.87,B
2021-06-23T09:47:35,700.0,8.86,S
2021-06-23T09:47:02,600.0,8.9,B
2021-06-23T09:46:59,2100.0,8.9,B
2021-06-23T09:44:41,3000.0,8.9,B
2021-06-23T09:41:34,4800.0,8.9,S
2021-06-23T09:40:58,500.0,8.9,S
2021-06-23T09:38:29,5000.0,8.9,S
2021-06-23T09:38:03,2200.0,8.91,B
2021-06-23T09:35:31,1000.0,8.91,B
2021-06-23T09:34:38,1000.0,8.91,B
2021-06-23T09:33:55,7000.0,8.9,S
2021-06-23T09:33:20,3000.0,8.91,B
2021-06-23T09:32:53,100.0,8.91,B
2021-06-23T09:32:08,100.0,8.91,B
2021-06-23T09:32:02,200.0,8.91,B
2021-06-23T09:32:00,5000.0,8.91,B
2021-06-23T09:31:07,2100.0,8.91,B
2021-06-23T09:30:33,1000.0,8.91,B
2021-06-23T09:30:25,900.0,8.91,B
2021-06-23T09:30:20,800.0,8.91,B
2021-06-23T09:30:16,2600.0,8.91,B
2021-06-23T09:29:36,400.0,8.91,B
2021-06-23T09:29:33,500.0,8.91,B
2021-06-23T09:29:33,100.0,8.91,B
2021-06-23T09:29:30,1200.0,8.9,S
2021-06-23T09:29:02,1000.0,8.91,B
2021-06-23T09:28:36,700.0,8.91,B
2021-06-23T09:28:06,100.0,8.9,S
2021-06-23T09:27:57,200.0,8.9,S
2021-06-23T09:27:33,5000.0,8.9,S
2021-06-23T09:26:47,5000.0,8.9,S
2021-06-23T09:26:24,2300.0,8.9,S
2021-06-23T09:25:59,700.0,8.9,S
2021-06-23T09:25:24,300.0,8.9,S
2021-06-23T09:25:19,1800.0,8.9,S
2021-06-23T09:24:00,1000.0,8.9,S
2021-06-23T09:23:55,300.0,8.91,B
2021-06-23T09:22:58,400.0,8.9,B
2021-06-23T09:22:44,200.0,8.9,B
2021-06-23T09:22:40,100.0,8.9,B
2021-06-23T09:22:30,300.0,8.9,S
2021-06-23T09:19:46,900.0,8.9,S
2021-06-23T09:19:46,1100.0,8.9,S
2021-06-23T09:17:43,200.0,8.9,S
2021-06-23T09:17:27,1000.0,8.92,B
2021-06-23T09:16:48,200.0,8.92,B
2021-06-23T09:15:56,200.0,8.92,B
2021-06-23T09:15:47,700.0,8.92,S
