tradingTime,volume,price,side
2021-07-26T11:29:49,100.0,12.0,B
2021-07-26T11:29:04,100.0,12.0,B
2021-07-26T11:28:42,500.0,12.0,B
2021-07-26T11:28:38,100.0,12.0,B
2021-07-26T11:27:08,200.0,12.0,B
2021-07-26T11:25:52,100.0,12.0,B
2021-07-26T11:24:47,3200.0,11.95,S
2021-07-26T11:24:47,1300.0,11.95,S
2021-07-26T11:23:58,100.0,11.95,S
2021-07-26T11:23:16,1200.0,11.95,B
2021-07-26T11:23:14,3000.0,11.95,B
2021-07-26T11:22:58,500.0,11.95,B
2021-07-26T11:19:59,7500.0,11.9,B
2021-07-26T11:19:59,2300.0,11.9,B
2021-07-26T11:19:59,38600.0,11.9,B
2021-07-26T11:17:47,2000.0,11.85,S
2021-07-26T11:17:14,1000.0,11.85,S
2021-07-26T11:17:06,500.0,11.85,S
2021-07-26T11:16:34,900.0,11.85,S
2021-07-26T11:16:02,200.0,11.9,B
2021-07-26T11:15:32,200.0,11.9,B
2021-07-26T11:14:25,200.0,11.9,B
2021-07-26T11:12:55,100.0,11.9,B
2021-07-26T11:11:59,100.0,11.9,B
2021-07-26T11:11:50,2000.0,11.9,B
2021-07-26T11:11:22,700.0,11.85,S
2021-07-26T11:10:47,3000.0,11.85,S
2021-07-26T11:10:10,200.0,11.85,S
2021-07-26T11:09:32,200.0,11.85,S
2021-07-26T11:08:04,500.0,11.9,B
2021-07-26T11:07:57,1000.0,11.9,B
2021-07-26T11:07:49,200.0,11.9,B
2021-07-26T11:07:29,100.0,11.9,B
2021-07-26T11:07:17,500.0,11.9,B
2021-07-26T11:06:57,500.0,11.9,B
2021-07-26T11:06:05,200.0,11.9,B
2021-07-26T11:05:02,200.0,11.9,B
2021-07-26T11:04:05,100.0,11.9,B
2021-07-26T11:03:40,5000.0,11.9,B
2021-07-26T11:02:50,100.0,11.9,B
2021-07-26T11:02:28,500.0,11.9,B
2021-07-26T11:02:24,800.0,11.9,S
2021-07-26T11:00:51,1300.0,11.9,S
2021-07-26T10:59:30,100.0,11.9,S
2021-07-26T10:59:26,3000.0,11.9,S
2021-07-26T10:59:26,2000.0,11.9,S
2021-07-26T10:59:22,10000.0,11.9,S
2021-07-26T10:58:31,500.0,11.9,S
2021-07-26T10:58:04,100.0,11.9,S
2021-07-26T10:57:40,100.0,11.95,B
2021-07-26T10:57:13,100.0,11.95,B
2021-07-26T10:55:51,100.0,11.95,B
2021-07-26T10:55:39,100.0,11.95,B
2021-07-26T10:55:27,1000.0,11.95,B
2021-07-26T10:55:19,100.0,11.9,S
2021-07-26T10:54:48,2000.0,11.9,S
2021-07-26T10:54:39,1000.0,11.9,S
2021-07-26T10:53:34,200.0,11.95,S
2021-07-26T10:53:34,3200.0,11.95,S
2021-07-26T10:53:34,1300.0,11.95,S
2021-07-26T10:51:49,200.0,12.0,B
2021-07-26T10:51:22,500.0,12.0,B
2021-07-26T10:48:24,100.0,11.95,B
2021-07-26T10:48:16,200.0,11.95,B
2021-07-26T10:47:43,500.0,11.95,B
2021-07-26T10:47:09,200.0,11.9,S
2021-07-26T10:46:55,100.0,11.9,S
2021-07-26T10:46:20,700.0,11.9,B
2021-07-26T10:46:16,100.0,11.9,B
2021-07-26T10:46:14,2100.0,11.85,S
2021-07-26T10:46:14,3100.0,11.85,S
2021-07-26T10:46:14,1200.0,11.85,S
2021-07-26T10:46:14,800.0,11.85,S
2021-07-26T10:46:14,1400.0,11.85,S
2021-07-26T10:46:14,200.0,11.85,S
2021-07-26T10:46:14,1200.0,11.85,S
2021-07-26T10:46:11,500.0,11.9,B
2021-07-26T10:46:07,500.0,11.9,B
2021-07-26T10:46:04,2000.0,11.9,B
2021-07-26T10:45:59,100.0,11.9,B
2021-07-26T10:45:52,800.0,11.9,B
2021-07-26T10:45:49,1000.0,11.9,B
2021-07-26T10:45:47,100.0,11.9,B
2021-07-26T10:45:47,900.0,11.9,S
2021-07-26T10:45:13,2000.0,11.85,S
2021-07-26T10:45:02,4200.0,11.9,B
2021-07-26T10:44:53,100.0,11.85,S
2021-07-26T10:44:43,1900.0,11.85,S
2021-07-26T10:44:32,7200.0,11.85,S
2021-07-26T10:44:31,100.0,11.85,S
2021-07-26T10:43:45,7600.0,11.85,S
2021-07-26T10:43:45,2400.0,11.85,S
2021-07-26T10:43:35,500.0,11.9,B
2021-07-26T10:43:14,100.0,11.85,S
2021-07-26T10:42:40,400.0,11.85,S
2021-07-26T10:41:54,100.0,11.85,S
2021-07-26T10:41:41,3000.0,11.85,S
2021-07-26T10:41:40,4000.0,11.9,B
2021-07-26T10:41:32,300.0,11.9,B
2021-07-26T10:41:18,100.0,11.9,B
2021-07-26T10:41:12,100.0,11.9,B
2021-07-26T10:41:07,100.0,11.9,B
2021-07-26T10:41:03,200.0,11.9,B
2021-07-26T10:40:58,500.0,11.9,B
2021-07-26T10:40:16,100.0,11.9,B
2021-07-26T10:39:54,7000.0,11.9,B
2021-07-26T10:39:52,1500.0,11.9,B
2021-07-26T10:39:27,500.0,11.9,B
2021-07-26T10:39:09,200.0,11.85,S
2021-07-26T10:38:54,3700.0,11.85,S
2021-07-26T10:38:54,1000.0,11.85,S
2021-07-26T10:38:54,300.0,11.85,S
2021-07-26T10:38:16,500.0,11.85,S
2021-07-26T10:38:16,5300.0,11.85,S
2021-07-26T10:38:16,1200.0,11.85,S
2021-07-26T10:38:16,500.0,11.9,S
2021-07-26T10:38:15,1100.0,11.9,S
2021-07-26T10:38:15,4600.0,11.9,S
2021-07-26T10:38:15,6200.0,11.9,S
2021-07-26T10:38:15,700.0,11.9,S
2021-07-26T10:38:15,9900.0,11.9,S
2021-07-26T10:38:07,2000.0,11.9,S
2021-07-26T10:38:01,8600.0,11.9,S
2021-07-26T10:38:01,200.0,11.9,S
2021-07-26T10:38:01,6300.0,11.9,S
2021-07-26T10:38:01,2700.0,11.9,S
2021-07-26T10:38:01,4100.0,11.9,S
2021-07-26T10:38:01,1100.0,11.9,S
2021-07-26T10:38:01,1000.0,11.9,S
2021-07-26T10:38:01,16000.0,11.9,S
2021-07-26T10:37:58,500.0,11.95,B
2021-07-26T10:37:58,1000.0,11.95,B
2021-07-26T10:37:47,600.0,11.9,S
2021-07-26T10:37:47,2400.0,11.9,S
2021-07-26T10:37:46,100.0,11.95,B
2021-07-26T10:37:32,100.0,11.95,B
2021-07-26T10:37:06,1800.0,11.95,S
2021-07-26T10:37:06,100.0,11.95,S
2021-07-26T10:37:06,2200.0,11.95,S
2021-07-26T10:37:06,300.0,11.95,S
2021-07-26T10:37:06,800.0,11.95,S
2021-07-26T10:36:56,3800.0,11.95,S
2021-07-26T10:36:47,2000.0,11.95,S
2021-07-26T10:36:23,4600.0,11.95,S
2021-07-26T10:36:23,10400.0,11.95,S
2021-07-26T10:36:04,4600.0,12.0,B
2021-07-26T10:36:04,1500.0,12.0,B
2021-07-26T10:36:04,3900.0,12.0,B
2021-07-26T10:35:37,4000.0,11.95,S
2021-07-26T10:35:18,200.0,12.0,B
2021-07-26T10:35:17,100.0,11.95,S
2021-07-26T10:35:13,100.0,12.0,B
2021-07-26T10:35:03,1000.0,12.0,B
2021-07-26T10:34:50,2300.0,12.0,B
2021-07-26T10:33:41,2000.0,12.0,B
2021-07-26T10:33:39,200.0,12.0,B
2021-07-26T10:33:31,500.0,12.0,B
2021-07-26T10:33:21,400.0,12.0,B
2021-07-26T10:32:59,300.0,12.0,B
2021-07-26T10:32:45,2000.0,11.95,S
2021-07-26T10:32:44,100.0,12.0,B
2021-07-26T10:31:49,1000.0,11.95,S
2021-07-26T10:31:27,100.0,12.0,S
2021-07-26T10:31:27,100.0,12.0,S
2021-07-26T10:31:26,2900.0,12.0,S
2021-07-26T10:31:26,100.0,12.0,S
2021-07-26T10:30:44,3000.0,12.0,S
2021-07-26T10:30:33,3000.0,12.0,S
2021-07-26T10:30:26,11700.0,12.0,S
2021-07-26T10:30:26,28700.0,12.0,S
2021-07-26T10:29:55,900.0,12.0,S
2021-07-26T10:29:49,500.0,12.05,B
2021-07-26T10:29:49,500.0,12.05,B
2021-07-26T10:29:45,100.0,12.05,B
2021-07-26T10:29:31,400.0,12.05,B
2021-07-26T10:29:30,300.0,12.05,B
2021-07-26T10:29:21,100.0,12.05,B
2021-07-26T10:29:09,1100.0,12.0,S
2021-07-26T10:29:00,5000.0,12.05,B
2021-07-26T10:27:12,500.0,12.0,S
2021-07-26T10:27:08,400.0,12.05,B
2021-07-26T10:25:41,1000.0,12.0,S
2021-07-26T10:25:07,300.0,12.0,S
2021-07-26T10:25:01,100.0,12.05,B
2021-07-26T10:24:24,1800.0,12.0,S
2021-07-26T10:23:30,2600.0,12.0,S
2021-07-26T10:23:30,1900.0,12.0,S
2021-07-26T10:23:30,1000.0,12.0,S
2021-07-26T10:23:30,4500.0,12.0,S
2021-07-26T10:23:28,4200.0,12.05,S
2021-07-26T10:22:56,25000.0,12.05,B
2021-07-26T10:22:34,2500.0,12.0,S
2021-07-26T10:22:16,3600.0,12.0,S
2021-07-26T10:21:46,2000.0,12.0,S
2021-07-26T10:21:32,3000.0,12.0,S
2021-07-26T10:20:56,300.0,12.0,S
2021-07-26T10:20:56,700.0,12.0,S
2021-07-26T10:19:16,100.0,12.0,S
2021-07-26T10:17:55,100.0,12.05,B
2021-07-26T10:15:59,500.0,12.0,S
2021-07-26T10:15:58,3000.0,12.05,B
2021-07-26T10:14:07,200.0,12.05,B
2021-07-26T10:13:43,600.0,12.05,B
2021-07-26T10:13:43,400.0,12.05,B
2021-07-26T10:13:31,2000.0,12.0,S
2021-07-26T10:13:24,100.0,12.05,B
2021-07-26T10:13:08,500.0,12.0,S
2021-07-26T10:12:56,500.0,12.0,S
2021-07-26T10:12:31,200.0,12.0,S
2021-07-26T10:11:54,2500.0,12.05,S
2021-07-26T10:11:31,5000.0,12.05,S
2021-07-26T10:11:16,100.0,12.05,S
2021-07-26T10:10:41,4000.0,12.05,S
2021-07-26T10:09:59,100.0,12.1,B
2021-07-26T10:09:28,800.0,12.05,S
2021-07-26T10:09:22,3100.0,12.05,S
2021-07-26T10:08:02,5000.0,12.05,S
2021-07-26T10:06:56,100.0,12.05,S
2021-07-26T10:06:51,100.0,12.05,S
2021-07-26T10:06:34,1000.0,12.05,S
2021-07-26T10:06:33,200.0,12.05,S
2021-07-26T10:06:17,3000.0,12.05,S
2021-07-26T10:06:14,400.0,12.05,S
2021-07-26T10:06:11,100.0,12.05,S
2021-07-26T10:05:52,800.0,12.05,S
2021-07-26T10:05:11,2000.0,12.05,S
2021-07-26T10:04:41,500.0,12.05,S
2021-07-26T10:04:30,1000.0,12.05,S
2021-07-26T10:04:24,10000.0,12.05,S
2021-07-26T10:04:19,5800.0,12.05,S
2021-07-26T10:04:19,5000.0,12.05,S
2021-07-26T10:03:39,200.0,12.1,B
2021-07-26T10:03:33,200.0,12.1,B
2021-07-26T10:02:24,8000.0,12.1,B
2021-07-26T10:02:22,900.0,12.05,S
2021-07-26T10:00:39,2000.0,12.05,S
2021-07-26T10:00:32,600.0,12.05,S
2021-07-26T09:59:31,1600.0,12.05,S
2021-07-26T09:59:20,100.0,12.1,B
2021-07-26T09:59:01,500.0,12.1,B
2021-07-26T09:58:26,800.0,12.1,B
2021-07-26T09:57:29,100.0,12.05,S
2021-07-26T09:57:14,200.0,12.05,S
2021-07-26T09:56:37,4100.0,12.1,B
2021-07-26T09:56:15,100.0,12.1,B
2021-07-26T09:55:31,100.0,12.1,B
2021-07-26T09:55:17,200.0,12.05,S
2021-07-26T09:55:13,100.0,12.1,B
2021-07-26T09:55:07,300.0,12.1,B
2021-07-26T09:54:59,5000.0,12.05,S
2021-07-26T09:54:43,200.0,12.1,B
2021-07-26T09:53:53,100.0,12.1,B
2021-07-26T09:53:42,100.0,12.1,B
2021-07-26T09:52:29,1200.0,12.0,B
2021-07-26T09:52:20,100.0,12.0,B
2021-07-26T09:52:20,100.0,12.0,B
2021-07-26T09:52:15,2000.0,12.0,B
2021-07-26T09:52:13,2000.0,12.0,B
2021-07-26T09:51:57,20000.0,12.0,B
2021-07-26T09:51:57,300.0,12.0,B
2021-07-26T09:51:39,2000.0,11.95,S
2021-07-26T09:51:32,1000.0,11.95,S
2021-07-26T09:51:30,700.0,12.0,B
2021-07-26T09:51:06,3000.0,12.0,B
2021-07-26T09:51:05,100.0,12.0,B
2021-07-26T09:51:05,1900.0,12.0,B
2021-07-26T09:50:59,100.0,12.0,B
2021-07-26T09:50:19,100.0,12.0,B
2021-07-26T09:50:09,2900.0,12.0,B
2021-07-26T09:49:17,100.0,12.0,B
2021-07-26T09:49:05,1000.0,12.0,B
2021-07-26T09:49:04,500.0,11.95,S
2021-07-26T09:48:58,200.0,12.0,B
2021-07-26T09:48:52,1000.0,12.0,B
2021-07-26T09:47:57,1500.0,11.95,S
2021-07-26T09:47:51,10000.0,11.95,B
2021-07-26T09:47:38,700.0,11.95,B
2021-07-26T09:47:28,100.0,11.95,B
2021-07-26T09:47:22,100.0,11.95,B
2021-07-26T09:47:16,500.0,11.95,B
2021-07-26T09:46:51,1000.0,11.95,B
2021-07-26T09:46:28,200.0,11.95,B
2021-07-26T09:46:23,100.0,11.95,B
2021-07-26T09:46:19,300.0,11.95,B
2021-07-26T09:46:03,200.0,11.95,B
2021-07-26T09:45:52,3000.0,11.95,B
2021-07-26T09:45:45,300.0,11.95,B
2021-07-26T09:44:14,200.0,11.95,B
2021-07-26T09:43:37,2800.0,11.95,B
2021-07-26T09:43:27,500.0,11.95,B
2021-07-26T09:43:21,2000.0,11.95,B
2021-07-26T09:43:21,1000.0,11.95,B
2021-07-26T09:43:14,500.0,11.95,B
2021-07-26T09:42:59,1000.0,11.95,B
2021-07-26T09:42:00,200.0,11.95,B
2021-07-26T09:41:36,1000.0,11.9,S
2021-07-26T09:41:28,1000.0,11.9,S
2021-07-26T09:41:02,300.0,11.95,B
2021-07-26T09:40:47,500.0,11.95,B
2021-07-26T09:40:44,500.0,11.95,B
2021-07-26T09:40:22,500.0,11.95,B
2021-07-26T09:40:14,500.0,11.95,B
2021-07-26T09:40:06,7100.0,11.9,S
2021-07-26T09:40:06,200.0,11.9,S
2021-07-26T09:39:49,2200.0,11.9,S
2021-07-26T09:39:49,500.0,11.9,S
2021-07-26T09:39:49,1600.0,11.9,S
2021-07-26T09:39:49,1000.0,11.9,S
2021-07-26T09:39:49,14700.0,11.9,S
2021-07-26T09:39:00,100.0,11.95,S
2021-07-26T09:38:17,200.0,11.95,S
2021-07-26T09:37:13,1200.0,11.95,S
2021-07-26T09:37:13,12400.0,11.95,S
2021-07-26T09:37:13,1400.0,11.95,S
2021-07-26T09:37:00,2000.0,12.0,B
2021-07-26T09:36:32,200.0,12.0,B
2021-07-26T09:36:24,100.0,12.0,B
2021-07-26T09:35:58,1100.0,12.0,B
2021-07-26T09:35:32,1000.0,12.0,S
2021-07-26T09:35:21,5000.0,12.0,S
2021-07-26T09:35:20,5000.0,12.0,S
2021-07-26T09:35:18,200.0,12.0,S
2021-07-26T09:34:08,300.0,12.0,S
2021-07-26T09:33:44,4200.0,12.0,B
2021-07-26T09:33:24,1800.0,12.0,S
2021-07-26T09:32:59,5000.0,12.0,S
2021-07-26T09:32:13,100.0,12.0,S
2021-07-26T09:31:33,300.0,12.0,S
2021-07-26T09:31:27,200.0,12.0,S
2021-07-26T09:31:24,1500.0,12.0,B
2021-07-26T09:31:21,100.0,12.0,B
2021-07-26T09:31:15,1000.0,12.0,B
2021-07-26T09:31:08,600.0,12.0,B
2021-07-26T09:31:04,1100.0,12.0,B
2021-07-26T09:31:03,200.0,12.0,B
2021-07-26T09:30:56,100.0,12.0,B
2021-07-26T09:30:54,500.0,12.0,B
2021-07-26T09:30:40,1000.0,12.0,B
2021-07-26T09:30:05,1300.0,11.95,S
2021-07-26T09:29:59,1000.0,12.0,B
2021-07-26T09:29:52,100.0,12.0,B
2021-07-26T09:29:32,3000.0,12.0,B
2021-07-26T09:29:25,1300.0,11.95,S
2021-07-26T09:28:38,2800.0,12.0,S
2021-07-26T09:28:24,1000.0,12.0,S
2021-07-26T09:28:13,5000.0,12.05,B
2021-07-26T09:28:10,1700.0,12.0,S
2021-07-26T09:28:10,6100.0,12.0,S
2021-07-26T09:28:10,600.0,12.0,S
2021-07-26T09:28:10,700.0,12.0,S
2021-07-26T09:28:10,5000.0,12.0,S
2021-07-26T09:28:10,15900.0,12.0,S
2021-07-26T09:28:06,1900.0,12.0,S
2021-07-26T09:27:54,300.0,12.0,S
2021-07-26T09:27:49,2000.0,12.0,S
2021-07-26T09:27:46,300.0,12.0,S
2021-07-26T09:27:30,100.0,12.0,S
2021-07-26T09:27:29,1000.0,12.0,S
2021-07-26T09:27:11,12000.0,12.0,S
2021-07-26T09:27:03,100.0,12.0,S
2021-07-26T09:26:54,300.0,12.0,S
2021-07-26T09:26:40,1000.0,12.0,S
2021-07-26T09:26:36,1000.0,12.0,S
2021-07-26T09:26:29,100.0,12.0,S
2021-07-26T09:26:16,2500.0,12.0,S
2021-07-26T09:26:10,2000.0,12.0,S
2021-07-26T09:26:10,3000.0,12.0,S
2021-07-26T09:25:46,1500.0,12.1,S
2021-07-26T09:25:42,200.0,12.1,S
2021-07-26T09:25:17,10000.0,12.15,B
2021-07-26T09:25:05,6000.0,12.15,S
2021-07-26T09:24:59,200.0,12.15,S
2021-07-26T09:24:57,2000.0,12.15,S
2021-07-26T09:24:23,2000.0,12.15,S
2021-07-26T09:24:11,1000.0,12.2,B
2021-07-26T09:24:08,100.0,12.15,S
2021-07-26T09:23:46,800.0,12.15,S
2021-07-26T09:23:42,100.0,12.15,S
2021-07-26T09:23:19,300.0,12.2,B
2021-07-26T09:23:11,3000.0,12.2,B
2021-07-26T09:22:58,100.0,12.2,B
2021-07-26T09:22:39,800.0,12.2,B
2021-07-26T09:22:16,100.0,12.2,B
2021-07-26T09:21:30,1500.0,12.2,B
2021-07-26T09:20:54,100.0,12.2,B
2021-07-26T09:20:17,2000.0,12.15,S
2021-07-26T09:20:13,100.0,12.2,B
2021-07-26T09:20:02,1000.0,12.2,B
2021-07-26T09:20:00,500.0,12.2,B
2021-07-26T09:19:44,100.0,12.2,B
2021-07-26T09:19:32,5000.0,12.15,S
2021-07-26T09:19:14,100.0,12.15,S
2021-07-26T09:19:11,700.0,12.15,S
2021-07-26T09:19:03,15000.0,12.15,S
2021-07-26T09:19:03,100.0,12.2,B
2021-07-26T09:18:41,2000.0,12.15,S
2021-07-26T09:17:40,5000.0,12.15,S
2021-07-26T09:17:11,400.0,12.15,B
2021-07-26T09:17:00,1000.0,12.15,B
2021-07-26T09:16:50,1200.0,12.15,B
2021-07-26T09:16:35,100.0,12.1,B
2021-07-26T09:16:32,2000.0,12.1,B
2021-07-26T09:16:05,500.0,12.1,B
2021-07-26T09:16:00,200.0,12.0,S
2021-07-26T09:15:54,1000.0,12.1,B
2021-07-26T09:15:07,100.0,12.0,S
