tradingTime,volume,price,side
2021-07-26T11:29:55,1000.0,27.0,B
2021-07-26T11:29:44,3000.0,27.0,B
2021-07-26T11:29:36,7400.0,27.0,B
2021-07-26T11:29:36,1300.0,27.0,B
2021-07-26T11:29:36,100.0,27.0,B
2021-07-26T11:29:36,100.0,27.0,B
2021-07-26T11:29:36,300.0,27.0,B
2021-07-26T11:29:36,1000.0,27.0,B
2021-07-26T11:29:36,600.0,27.0,B
2021-07-26T11:29:36,200.0,27.0,B
2021-07-26T11:29:36,500.0,27.0,B
2021-07-26T11:29:36,1600.0,27.0,B
2021-07-26T11:29:36,1900.0,27.0,B
2021-07-26T11:29:10,4000.0,27.0,B
2021-07-26T11:28:25,2000.0,26.95,S
2021-07-26T11:28:12,900.0,26.95,S
2021-07-26T11:27:29,200.0,27.0,B
2021-07-26T11:27:27,100.0,26.95,S
2021-07-26T11:25:42,1000.0,26.95,B
2021-07-26T11:25:42,800.0,26.95,B
2021-07-26T11:25:30,200.0,26.95,B
2021-07-26T11:25:03,1000.0,26.95,S
2021-07-26T11:23:04,1200.0,26.95,S
2021-07-26T11:22:47,3000.0,26.95,B
2021-07-26T11:21:57,3000.0,26.95,B
2021-07-26T11:20:19,2800.0,26.95,B
2021-07-26T11:20:19,200.0,26.95,B
2021-07-26T11:20:01,3000.0,26.95,B
2021-07-26T11:18:32,300.0,26.9,B
2021-07-26T11:18:18,200.0,26.9,B
2021-07-26T11:17:23,3500.0,26.9,B
2021-07-26T11:17:19,2000.0,26.7,S
2021-07-26T11:12:27,300.0,26.6,S
2021-07-26T11:01:21,1200.0,26.6,S
2021-07-26T11:01:21,1300.0,26.6,S
2021-07-26T11:01:21,500.0,26.6,S
2021-07-26T11:01:21,1700.0,26.6,S
2021-07-26T10:55:38,1000.0,26.6,S
2021-07-26T10:52:40,1000.0,26.95,B
2021-07-26T10:51:59,1200.0,26.95,B
2021-07-26T10:51:59,3800.0,26.95,B
2021-07-26T10:47:32,1000.0,26.95,B
2021-07-26T10:46:30,1200.0,26.95,B
2021-07-26T10:46:30,2000.0,26.9,B
2021-07-26T10:46:30,500.0,26.9,B
2021-07-26T10:46:30,1100.0,26.9,B
2021-07-26T10:46:30,200.0,26.9,B
2021-07-26T10:46:22,500.0,26.6,B
2021-07-26T10:44:29,100.0,26.55,S
2021-07-26T10:44:29,400.0,26.55,S
2021-07-26T10:42:56,300.0,26.55,S
2021-07-26T10:42:24,100.0,26.6,B
2021-07-26T10:41:58,200.0,26.55,S
2021-07-26T10:41:54,300.0,26.55,S
2021-07-26T10:41:32,200.0,26.6,S
2021-07-26T10:41:32,1000.0,26.6,S
2021-07-26T10:41:32,3700.0,26.6,S
2021-07-26T10:37:53,100.0,26.6,S
2021-07-26T10:37:52,800.0,26.6,S
2021-07-26T10:37:08,4200.0,26.6,S
2021-07-26T10:36:42,6500.0,26.6,S
2021-07-26T10:36:42,100.0,26.6,S
2021-07-26T10:36:42,1500.0,26.7,S
2021-07-26T10:36:02,800.0,26.8,B
2021-07-26T10:35:14,1000.0,26.8,S
2021-07-26T10:30:44,300.0,26.9,B
2021-07-26T10:29:54,2500.0,26.9,S
2021-07-26T10:29:44,1000.0,26.9,S
2021-07-26T10:28:59,700.0,26.9,S
2021-07-26T10:28:43,500.0,26.95,S
2021-07-26T10:28:10,500.0,26.95,S
2021-07-26T10:27:52,2000.0,26.95,S
2021-07-26T10:25:46,500.0,26.95,B
2021-07-26T10:24:23,1000.0,27.0,B
2021-07-26T10:23:34,100.0,27.0,B
2021-07-26T10:23:00,100.0,27.0,B
2021-07-26T10:22:34,100.0,26.95,S
2021-07-26T10:22:30,400.0,27.0,B
2021-07-26T10:21:49,100.0,26.95,S
2021-07-26T10:21:26,500.0,26.95,B
2021-07-26T10:21:26,300.0,26.95,B
2021-07-26T10:21:13,1000.0,26.95,B
2021-07-26T10:19:28,2200.0,26.9,B
2021-07-26T10:17:32,200.0,26.9,B
2021-07-26T10:17:01,2100.0,26.9,B
2021-07-26T10:17:01,7900.0,26.9,B
2021-07-26T10:16:28,200.0,26.7,B
2021-07-26T10:16:14,200.0,26.6,S
2021-07-26T10:16:01,1000.0,26.6,S
2021-07-26T10:16:01,500.0,26.6,B
2021-07-26T10:16:01,200.0,26.6,B
2021-07-26T10:12:45,2000.0,26.55,S
2021-07-26T10:12:35,100.0,26.6,B
2021-07-26T10:12:17,100.0,26.6,B
2021-07-26T10:10:31,8700.0,26.55,S
2021-07-26T10:09:44,1000.0,26.6,B
2021-07-26T10:08:20,800.0,26.6,B
2021-07-26T10:07:42,2100.0,26.6,S
2021-07-26T10:07:09,500.0,26.6,S
2021-07-26T10:06:37,200.0,26.7,B
2021-07-26T10:03:52,100.0,26.7,S
2021-07-26T10:03:47,300.0,26.7,S
2021-07-26T10:03:31,1800.0,26.8,S
2021-07-26T10:03:24,900.0,26.8,S
2021-07-26T10:03:24,100.0,26.85,S
2021-07-26T10:02:55,200.0,26.85,S
2021-07-26T10:01:52,100.0,26.9,B
2021-07-26T09:59:54,500.0,26.9,B
2021-07-26T09:59:45,600.0,26.9,S
2021-07-26T09:59:38,200.0,26.9,S
2021-07-26T09:58:09,100.0,26.9,S
2021-07-26T09:58:03,500.0,26.9,S
2021-07-26T09:57:15,100.0,26.9,S
2021-07-26T09:56:58,200.0,26.9,S
2021-07-26T09:56:30,300.0,26.9,S
2021-07-26T09:55:56,200.0,26.9,B
2021-07-26T09:55:52,300.0,26.9,B
2021-07-26T09:55:49,500.0,26.9,B
2021-07-26T09:54:58,100.0,26.95,B
2021-07-26T09:54:33,100.0,26.95,B
2021-07-26T09:53:57,100.0,26.95,B
2021-07-26T09:53:11,200.0,26.95,B
2021-07-26T09:53:11,200.0,26.95,B
2021-07-26T09:52:53,100.0,26.85,S
2021-07-26T09:52:53,100.0,26.9,S
2021-07-26T09:52:49,400.0,26.9,B
2021-07-26T09:52:38,700.0,26.9,B
2021-07-26T09:52:09,300.0,26.9,B
2021-07-26T09:52:03,500.0,26.85,S
2021-07-26T09:51:57,200.0,26.85,S
2021-07-26T09:51:14,2000.0,26.85,S
2021-07-26T09:50:53,1000.0,26.85,B
2021-07-26T09:50:33,100.0,26.85,B
2021-07-26T09:50:14,200.0,26.85,B
2021-07-26T09:50:08,300.0,26.85,B
2021-07-26T09:50:08,2600.0,26.85,B
2021-07-26T09:49:41,100.0,26.85,B
2021-07-26T09:49:31,100.0,26.85,B
2021-07-26T09:49:19,1000.0,26.85,B
2021-07-26T09:48:07,300.0,26.85,B
2021-07-26T09:46:30,5800.0,26.85,B
2021-07-26T09:45:03,1800.0,26.55,B
2021-07-26T09:44:11,200.0,26.55,B
2021-07-26T09:44:08,2000.0,26.5,S
2021-07-26T09:43:51,500.0,26.5,S
2021-07-26T09:42:34,2000.0,26.5,S
2021-07-26T09:42:14,500.0,26.5,S
2021-07-26T09:42:00,8200.0,26.5,B
2021-07-26T09:41:54,100.0,26.35,B
2021-07-26T09:41:34,100.0,26.35,S
2021-07-26T09:41:29,100.0,26.35,B
2021-07-26T09:41:26,200.0,26.35,S
2021-07-26T09:40:57,200.0,26.35,S
2021-07-26T09:40:33,100.0,26.35,S
2021-07-26T09:39:59,100.0,26.35,S
2021-07-26T09:38:39,200.0,26.7,B
2021-07-26T09:38:18,1600.0,26.7,B
2021-07-26T09:37:40,400.0,26.5,S
2021-07-26T09:37:32,2100.0,26.5,S
2021-07-26T09:37:25,200.0,26.5,B
2021-07-26T09:36:29,500.0,26.75,B
2021-07-26T09:34:42,200.0,26.85,B
2021-07-26T09:34:26,500.0,26.85,S
2021-07-26T09:34:26,500.0,26.85,S
2021-07-26T09:34:08,100.0,26.9,B
2021-07-26T09:33:58,100.0,26.9,S
2021-07-26T09:33:39,3500.0,27.0,B
2021-07-26T09:33:39,900.0,27.0,B
2021-07-26T09:33:39,5600.0,27.0,B
2021-07-26T09:33:10,300.0,27.0,S
2021-07-26T09:33:10,700.0,27.0,S
2021-07-26T09:33:07,500.0,27.0,S
2021-07-26T09:33:05,300.0,27.0,S
2021-07-26T09:33:04,1000.0,27.0,S
2021-07-26T09:33:04,500.0,27.0,S
2021-07-26T09:32:47,2100.0,27.0,B
2021-07-26T09:32:47,900.0,26.5,B
2021-07-26T09:32:47,500.0,26.35,B
2021-07-26T09:32:47,3500.0,26.35,B
2021-07-26T09:32:40,200.0,26.2,S
2021-07-26T09:32:29,100.0,26.2,S
2021-07-26T09:32:03,5500.0,26.0,S
2021-07-26T09:31:14,200.0,25.7,B
2021-07-26T09:31:01,800.0,25.7,S
2021-07-26T09:30:43,700.0,25.7,B
2021-07-26T09:30:37,100.0,25.7,S
2021-07-26T09:30:37,200.0,25.7,S
2021-07-26T09:30:11,500.0,25.7,B
2021-07-26T09:30:09,10000.0,26.0,B
2021-07-26T09:29:54,2000.0,25.7,B
2021-07-26T09:29:37,100.0,25.7,B
2021-07-26T09:29:09,1000.0,25.7,B
2021-07-26T09:28:59,200.0,25.7,B
2021-07-26T09:28:43,500.0,25.7,B
2021-07-26T09:28:42,200.0,25.7,B
2021-07-26T09:28:30,200.0,25.7,S
2021-07-26T09:28:30,400.0,25.7,S
2021-07-26T09:28:22,600.0,25.7,S
2021-07-26T09:27:56,500.0,25.8,S
2021-07-26T09:27:01,1000.0,25.8,S
2021-07-26T09:26:39,700.0,25.8,S
2021-07-26T09:26:39,100.0,25.85,S
2021-07-26T09:26:07,800.0,25.85,S
2021-07-26T09:25:41,400.0,26.0,S
2021-07-26T09:25:12,800.0,26.1,S
2021-07-26T09:23:52,1300.0,26.1,S
2021-07-26T09:23:22,400.0,26.1,S
2021-07-26T09:23:22,100.0,26.1,S
2021-07-26T09:23:09,200.0,26.2,B
2021-07-26T09:21:47,100.0,26.2,B
2021-07-26T09:21:40,1000.0,26.2,B
2021-07-26T09:21:32,100.0,26.2,B
2021-07-26T09:21:19,1000.0,26.2,B
2021-07-26T09:21:16,1000.0,26.2,B
2021-07-26T09:21:13,1000.0,26.2,B
2021-07-26T09:20:45,100.0,26.25,B
2021-07-26T09:19:25,1900.0,26.25,B
2021-07-26T09:18:34,1200.0,26.3,S
2021-07-26T09:18:31,400.0,26.3,S
2021-07-26T09:18:29,200.0,26.3,S
2021-07-26T09:18:25,1600.0,26.3,B
2021-07-26T09:18:22,600.0,26.3,B
2021-07-26T09:18:19,300.0,26.3,S
2021-07-26T09:18:08,100.0,26.3,S
2021-07-26T09:18:02,600.0,26.3,B
2021-07-26T09:15:48,500.0,26.35,B
