tradingTime,volume,price,side
2021-07-26T11:30:02,100.0,52.8,S
2021-07-26T11:30:01,900.0,52.8,S
2021-07-26T11:29:59,100.0,52.8,S
2021-07-26T11:29:48,2900.0,52.8,B
2021-07-26T11:29:40,300.0,52.8,B
2021-07-26T11:29:32,10000.0,52.8,B
2021-07-26T11:29:24,300.0,52.7,S
2021-07-26T11:29:24,100.0,52.7,B
2021-07-26T11:29:19,300.0,52.7,B
2021-07-26T11:29:19,200.0,52.7,B
2021-07-26T11:29:13,100.0,52.6,S
2021-07-26T11:28:56,100.0,52.7,B
2021-07-26T11:28:34,4000.0,52.8,B
2021-07-26T11:28:22,800.0,52.7,B
2021-07-26T11:27:52,200.0,52.7,S
2021-07-26T11:27:44,9200.0,52.8,B
2021-07-26T11:27:44,1500.0,52.8,B
2021-07-26T11:27:44,200.0,52.7,B
2021-07-26T11:27:44,500.0,52.7,B
2021-07-26T11:27:17,100.0,52.6,B
2021-07-26T11:27:15,100.0,52.5,S
2021-07-26T11:27:00,100.0,52.5,S
2021-07-26T11:26:52,1200.0,52.5,S
2021-07-26T11:26:52,3800.0,52.5,S
2021-07-26T11:26:32,100.0,52.5,S
2021-07-26T11:26:04,1000.0,52.5,S
2021-07-26T11:25:37,600.0,52.5,S
2021-07-26T11:25:09,1000.0,52.5,S
2021-07-26T11:25:03,200.0,52.4,S
2021-07-26T11:24:35,4600.0,52.4,S
2021-07-26T11:24:17,500.0,52.5,B
2021-07-26T11:24:11,200.0,52.5,B
2021-07-26T11:24:10,700.0,52.5,S
2021-07-26T11:24:00,800.0,52.7,B
2021-07-26T11:23:58,100.0,52.7,S
2021-07-26T11:23:50,200.0,52.8,B
2021-07-26T11:23:02,7400.0,52.8,B
2021-07-26T11:22:58,300.0,52.8,S
2021-07-26T11:22:57,1000.0,52.8,B
2021-07-26T11:22:45,100.0,52.6,S
2021-07-26T11:22:37,4100.0,52.8,B
2021-07-26T11:22:37,5900.0,52.7,B
2021-07-26T11:22:34,1000.0,52.7,B
2021-07-26T11:22:34,600.0,52.7,B
2021-07-26T11:22:34,400.0,52.7,B
2021-07-26T11:22:16,500.0,52.7,B
2021-07-26T11:22:11,2500.0,52.7,B
2021-07-26T11:21:54,100.0,52.6,B
2021-07-26T11:21:54,200.0,52.6,B
2021-07-26T11:21:39,1000.0,52.6,B
2021-07-26T11:21:36,100.0,52.5,S
2021-07-26T11:21:05,500.0,52.5,S
2021-07-26T11:21:04,100.0,52.5,S
2021-07-26T11:21:00,200.0,52.5,S
2021-07-26T11:20:49,2000.0,52.5,B
2021-07-26T11:20:49,5000.0,52.5,B
2021-07-26T11:20:48,3000.0,52.5,B
2021-07-26T11:20:44,2100.0,52.5,B
2021-07-26T11:20:34,4700.0,52.5,B
2021-07-26T11:20:29,600.0,52.4,B
2021-07-26T11:20:28,100.0,52.4,B
2021-07-26T11:20:22,1000.0,52.4,B
2021-07-26T11:20:05,10000.0,52.4,B
2021-07-26T11:19:57,2000.0,52.4,B
2021-07-26T11:19:17,500.0,52.2,S
2021-07-26T11:18:01,4000.0,52.2,S
2021-07-26T11:17:54,400.0,52.2,S
2021-07-26T11:17:12,20000.0,52.0,S
2021-07-26T11:17:00,1000.0,52.3,B
2021-07-26T11:16:57,25000.0,52.0,S
2021-07-26T11:16:57,5000.0,52.1,S
2021-07-26T11:16:32,2000.0,52.4,B
2021-07-26T11:16:25,4900.0,52.2,S
2021-07-26T11:16:14,500.0,52.4,B
2021-07-26T11:15:49,700.0,52.4,S
2021-07-26T11:15:45,500.0,52.4,S
2021-07-26T11:15:34,100.0,52.4,S
2021-07-26T11:15:32,7000.0,52.4,S
2021-07-26T11:15:19,1000.0,52.4,S
2021-07-26T11:15:09,500.0,52.4,S
2021-07-26T11:15:04,600.0,52.4,S
2021-07-26T11:14:57,4000.0,52.4,B
2021-07-26T11:14:47,1400.0,52.4,B
2021-07-26T11:14:44,1000.0,52.4,B
2021-07-26T11:14:36,100.0,52.2,S
2021-07-26T11:14:29,1000.0,52.3,S
2021-07-26T11:14:22,100.0,52.5,S
2021-07-26T11:14:20,13000.0,52.5,S
2021-07-26T11:14:16,100.0,52.5,S
2021-07-26T11:14:11,1000.0,52.5,S
2021-07-26T11:14:07,100.0,52.6,S
2021-07-26T11:14:06,400.0,52.7,S
2021-07-26T11:14:05,1000.0,52.7,S
2021-07-26T11:13:59,2100.0,52.7,S
2021-07-26T11:13:59,6500.0,52.7,B
2021-07-26T11:13:54,5000.0,52.6,S
2021-07-26T11:13:51,1000.0,52.6,S
2021-07-26T11:13:50,400.0,52.7,B
2021-07-26T11:13:44,4200.0,52.7,B
2021-07-26T11:13:38,1600.0,52.7,S
2021-07-26T11:13:37,500.0,52.8,B
2021-07-26T11:13:21,200.0,52.8,B
2021-07-26T11:13:18,3000.0,52.8,B
2021-07-26T11:13:16,100.0,52.8,S
2021-07-26T11:13:16,1500.0,52.8,S
2021-07-26T11:13:16,200.0,52.8,S
2021-07-26T11:13:16,800.0,52.9,B
2021-07-26T11:13:06,100.0,52.8,S
2021-07-26T11:13:05,200.0,52.9,B
2021-07-26T11:13:04,10000.0,52.9,B
2021-07-26T11:12:59,3000.0,52.8,S
2021-07-26T11:12:44,400.0,52.8,S
2021-07-26T11:12:42,4100.0,52.9,B
2021-07-26T11:12:39,500.0,52.9,B
2021-07-26T11:12:29,500.0,52.8,S
2021-07-26T11:12:24,100.0,52.9,B
2021-07-26T11:12:14,100.0,53.0,B
2021-07-26T11:12:09,500.0,52.8,S
2021-07-26T11:12:07,3500.0,53.0,B
2021-07-26T11:12:07,6400.0,52.9,B
2021-07-26T11:12:07,100.0,52.9,B
2021-07-26T11:11:59,100.0,52.8,S
2021-07-26T11:11:59,100.0,52.8,S
2021-07-26T11:11:48,200.0,52.8,S
2021-07-26T11:11:38,100.0,53.0,B
2021-07-26T11:11:37,100.0,53.0,B
2021-07-26T11:11:22,12600.0,53.0,B
2021-07-26T11:11:22,500.0,53.0,B
2021-07-26T11:11:22,3700.0,53.0,B
2021-07-26T11:11:22,3200.0,53.0,B
2021-07-26T11:11:22,11000.0,52.9,B
2021-07-26T11:11:17,3000.0,52.8,S
2021-07-26T11:11:11,1000.0,52.8,B
2021-07-26T11:11:11,10000.0,52.8,B
2021-07-26T11:11:06,2000.0,52.8,B
2021-07-26T11:11:06,1800.0,52.8,B
2021-07-26T11:11:06,600.0,52.8,B
2021-07-26T11:11:06,400.0,52.8,B
2021-07-26T11:11:04,2000.0,52.8,B
2021-07-26T11:11:01,200.0,52.8,B
2021-07-26T11:11:00,100.0,52.7,S
2021-07-26T11:10:55,100.0,52.8,B
2021-07-26T11:10:55,100.0,52.8,B
2021-07-26T11:10:46,1800.0,52.7,B
2021-07-26T11:10:46,100.0,52.7,B
2021-07-26T11:10:45,1000.0,52.7,B
2021-07-26T11:10:44,1000.0,52.7,B
2021-07-26T11:10:41,500.0,52.7,B
2021-07-26T11:10:37,1000.0,52.6,S
2021-07-26T11:10:34,600.0,52.7,B
2021-07-26T11:10:34,1000.0,52.7,B
2021-07-26T11:10:34,2000.0,52.6,S
2021-07-26T11:10:29,100.0,52.6,S
2021-07-26T11:10:29,5000.0,52.7,B
2021-07-26T11:10:25,8700.0,52.6,B
2021-07-26T11:10:23,200.0,52.5,S
2021-07-26T11:10:21,100.0,52.5,S
2021-07-26T11:10:19,300.0,52.5,B
2021-07-26T11:10:18,700.0,52.5,B
2021-07-26T11:10:14,300.0,52.5,B
2021-07-26T11:10:07,700.0,52.5,B
2021-07-26T11:10:07,1100.0,52.5,B
2021-07-26T11:10:07,8200.0,52.5,B
2021-07-26T11:10:01,2000.0,52.5,B
2021-07-26T11:10:01,100.0,52.3,B
2021-07-26T11:09:54,2300.0,52.3,B
2021-07-26T11:09:51,1000.0,52.5,B
2021-07-26T11:09:44,5000.0,52.5,B
2021-07-26T11:09:44,1000.0,52.4,S
2021-07-26T11:09:42,3400.0,52.5,B
2021-07-26T11:09:42,7700.0,52.5,B
2021-07-26T11:09:42,8900.0,52.5,B
2021-07-26T11:09:42,500.0,52.5,B
2021-07-26T11:09:39,100.0,52.4,S
2021-07-26T11:09:30,5000.0,52.4,B
2021-07-26T11:09:28,100.0,52.4,B
2021-07-26T11:09:21,1000.0,52.4,B
2021-07-26T11:09:16,100.0,52.4,B
2021-07-26T11:09:11,100.0,52.4,B
2021-07-26T11:09:11,900.0,52.4,B
2021-07-26T11:09:05,100.0,52.3,S
2021-07-26T11:09:05,1000.0,52.3,B
2021-07-26T11:09:00,1500.0,52.0,S
2021-07-26T11:08:59,800.0,52.3,B
2021-07-26T11:08:59,500.0,52.3,B
2021-07-26T11:08:59,700.0,52.2,B
2021-07-26T11:08:57,2000.0,52.2,B
2021-07-26T11:08:51,5000.0,52.2,B
2021-07-26T11:08:47,4300.0,52.0,B
2021-07-26T11:08:47,500.0,52.0,B
2021-07-26T11:08:46,9600.0,52.0,B
2021-07-26T11:08:46,2000.0,52.0,B
2021-07-26T11:08:44,1000.0,52.0,B
2021-07-26T11:08:40,1000.0,52.0,B
2021-07-26T11:08:39,1000.0,52.0,B
2021-07-26T11:08:34,3000.0,52.0,B
2021-07-26T11:08:33,300.0,52.0,B
2021-07-26T11:08:32,3100.0,52.0,B
2021-07-26T11:08:24,3500.0,52.0,B
2021-07-26T11:08:24,500.0,52.0,B
2021-07-26T11:08:24,6000.0,52.0,B
2021-07-26T11:08:11,800.0,51.9,B
2021-07-26T11:08:10,3800.0,51.9,B
2021-07-26T11:08:10,6200.0,51.9,B
2021-07-26T11:08:00,3000.0,51.9,B
2021-07-26T11:07:52,200.0,51.8,S
2021-07-26T11:07:34,100.0,51.7,S
2021-07-26T11:07:32,2100.0,51.9,B
2021-07-26T11:07:32,2900.0,51.9,B
2021-07-26T11:07:16,100.0,51.8,B
2021-07-26T11:06:54,1900.0,51.8,B
2021-07-26T11:06:54,3100.0,51.8,B
2021-07-26T11:06:47,2000.0,51.8,B
2021-07-26T11:06:26,9500.0,51.8,B
2021-07-26T11:06:26,100.0,51.8,B
2021-07-26T11:06:26,400.0,51.8,B
2021-07-26T11:06:19,100.0,51.7,S
2021-07-26T11:06:12,200.0,51.7,S
2021-07-26T11:04:58,1100.0,51.7,B
2021-07-26T11:04:58,8200.0,51.7,B
2021-07-26T11:03:00,200.0,51.6,S
2021-07-26T11:02:45,100.0,51.6,S
2021-07-26T11:02:32,400.0,51.6,S
2021-07-26T11:02:29,9600.0,51.6,S
2021-07-26T11:02:28,400.0,51.6,S
2021-07-26T11:02:19,300.0,51.6,B
2021-07-26T11:02:06,300.0,51.6,S
2021-07-26T11:02:01,100.0,51.6,S
2021-07-26T11:01:48,400.0,51.6,S
2021-07-26T11:01:48,500.0,51.6,S
2021-07-26T11:01:30,100.0,51.6,B
2021-07-26T11:01:21,500.0,51.6,B
2021-07-26T11:01:19,300.0,51.6,B
2021-07-26T11:00:59,200.0,51.6,B
2021-07-26T11:00:37,1000.0,51.6,B
2021-07-26T10:59:39,300.0,51.6,B
2021-07-26T10:59:19,700.0,51.6,S
2021-07-26T10:59:19,4300.0,51.6,S
2021-07-26T10:59:03,2000.0,51.6,S
2021-07-26T10:58:59,300.0,51.6,S
2021-07-26T10:58:07,300.0,51.6,S
2021-07-26T10:57:59,800.0,51.6,S
2021-07-26T10:57:56,1100.0,51.6,S
2021-07-26T10:54:51,900.0,51.7,B
2021-07-26T10:53:41,400.0,51.5,S
2021-07-26T10:53:41,3000.0,51.6,S
2021-07-26T10:53:24,300.0,51.6,S
2021-07-26T10:52:29,100.0,51.6,S
2021-07-26T10:51:48,2000.0,51.6,S
2021-07-26T10:49:42,100.0,51.8,B
2021-07-26T10:47:47,10600.0,51.8,B
2021-07-26T10:47:47,1000.0,51.8,B
2021-07-26T10:47:47,8000.0,51.7,B
2021-07-26T10:47:47,300.0,51.7,B
2021-07-26T10:47:47,100.0,51.7,B
2021-07-26T10:47:24,4600.0,51.6,B
2021-07-26T10:47:12,1500.0,51.6,B
2021-07-26T10:47:00,3900.0,51.6,S
2021-07-26T10:46:54,2000.0,51.6,S
2021-07-26T10:46:42,1700.0,51.6,B
2021-07-26T10:46:42,100.0,51.6,B
2021-07-26T10:45:54,1000.0,51.6,B
2021-07-26T10:45:47,900.0,51.6,B
2021-07-26T10:45:38,2000.0,51.5,S
2021-07-26T10:45:32,2000.0,51.6,B
2021-07-26T10:45:28,1800.0,51.6,B
2021-07-26T10:43:33,400.0,51.5,S
2021-07-26T10:43:32,100.0,51.5,S
2021-07-26T10:43:32,7000.0,51.5,B
2021-07-26T10:43:32,5700.0,51.4,S
2021-07-26T10:43:19,10000.0,51.5,B
2021-07-26T10:42:27,100.0,51.5,B
2021-07-26T10:42:22,100.0,51.4,S
2021-07-26T10:39:30,100.0,51.5,B
2021-07-26T10:38:11,500.0,51.5,S
2021-07-26T10:38:10,3900.0,51.5,S
2021-07-26T10:38:03,800.0,51.5,S
2021-07-26T10:38:01,1200.0,51.5,S
2021-07-26T10:37:56,2000.0,51.5,S
2021-07-26T10:37:39,2300.0,51.5,S
2021-07-26T10:37:39,1200.0,51.5,S
2021-07-26T10:37:39,4500.0,51.5,S
2021-07-26T10:35:40,1000.0,51.5,S
2021-07-26T10:35:01,500.0,51.5,S
2021-07-26T10:34:43,5700.0,51.5,S
2021-07-26T10:34:43,9300.0,51.5,S
2021-07-26T10:33:24,1000.0,51.6,B
2021-07-26T10:33:05,200.0,51.6,B
2021-07-26T10:32:36,1000.0,51.6,S
2021-07-26T10:32:30,100.0,51.6,S
2021-07-26T10:32:23,100.0,51.6,B
2021-07-26T10:32:18,1000.0,51.6,B
2021-07-26T10:31:47,2500.0,51.6,B
2021-07-26T10:30:22,1000.0,51.6,B
2021-07-26T10:30:22,500.0,51.6,B
2021-07-26T10:30:16,300.0,51.5,S
2021-07-26T10:29:57,100.0,51.6,B
2021-07-26T10:29:54,1800.0,51.6,S
2021-07-26T10:29:28,100.0,51.6,S
2021-07-26T10:29:24,600.0,51.6,S
2021-07-26T10:29:19,2000.0,51.6,S
2021-07-26T10:29:02,200.0,51.6,S
2021-07-26T10:28:45,3000.0,51.6,S
2021-07-26T10:27:46,200.0,51.6,S
2021-07-26T10:27:32,1000.0,51.6,S
2021-07-26T10:26:24,600.0,51.6,S
2021-07-26T10:26:01,200.0,51.7,B
2021-07-26T10:25:53,100.0,51.7,B
2021-07-26T10:25:35,1000.0,51.7,B
2021-07-26T10:25:11,100.0,51.7,B
2021-07-26T10:24:42,500.0,51.7,B
2021-07-26T10:24:04,300.0,51.7,S
2021-07-26T10:23:56,200.0,51.7,S
2021-07-26T10:23:40,400.0,51.7,S
2021-07-26T10:22:54,100.0,51.7,S
2021-07-26T10:22:54,900.0,51.7,S
2021-07-26T10:22:52,3000.0,51.8,B
2021-07-26T10:22:01,400.0,51.7,S
2021-07-26T10:20:40,6700.0,51.7,B
2021-07-26T10:20:40,1100.0,51.7,B
2021-07-26T10:20:40,10900.0,51.7,B
2021-07-26T10:20:18,100.0,51.6,S
2021-07-26T10:20:07,1000.0,51.6,S
2021-07-26T10:20:05,100.0,51.6,B
2021-07-26T10:20:05,500.0,51.6,B
2021-07-26T10:20:05,600.0,51.6,B
2021-07-26T10:20:05,800.0,51.6,B
2021-07-26T10:19:17,1000.0,51.6,B
2021-07-26T10:19:10,500.0,51.6,B
2021-07-26T10:18:59,1000.0,51.6,B
2021-07-26T10:18:54,2300.0,51.5,S
2021-07-26T10:15:58,1000.0,51.5,S
2021-07-26T10:14:40,500.0,51.5,S
2021-07-26T10:14:06,5000.0,51.5,S
2021-07-26T10:13:50,900.0,51.5,B
2021-07-26T10:13:22,500.0,51.4,S
2021-07-26T10:12:59,4200.0,51.5,S
2021-07-26T10:12:40,1300.0,51.5,B
2021-07-26T10:12:38,100.0,51.5,B
2021-07-26T10:12:12,2000.0,51.4,S
2021-07-26T10:11:47,3600.0,51.5,S
2021-07-26T10:11:14,200.0,51.5,S
2021-07-26T10:10:41,1500.0,51.5,B
2021-07-26T10:10:09,500.0,51.5,S
2021-07-26T10:09:37,700.0,51.5,B
2021-07-26T10:09:29,1300.0,51.5,S
2021-07-26T10:09:18,10000.0,51.5,S
2021-07-26T10:09:04,20000.0,51.5,S
2021-07-26T10:08:24,100.0,51.6,B
2021-07-26T10:07:35,2300.0,51.5,S
2021-07-26T10:07:08,200.0,51.5,S
2021-07-26T10:07:03,2900.0,51.6,S
2021-07-26T10:06:52,3000.0,51.6,S
2021-07-26T10:06:27,1000.0,51.6,S
2021-07-26T10:05:44,1200.0,51.6,S
2021-07-26T10:05:16,400.0,51.6,B
2021-07-26T10:04:33,200.0,51.6,B
2021-07-26T10:04:31,500.0,51.6,S
2021-07-26T10:04:27,200.0,51.6,S
2021-07-26T10:04:04,4000.0,51.6,S
2021-07-26T10:02:49,1000.0,51.6,S
2021-07-26T10:02:36,500.0,51.6,S
2021-07-26T09:59:54,4100.0,51.5,S
2021-07-26T09:59:54,1800.0,51.5,S
2021-07-26T09:59:54,1000.0,51.5,S
2021-07-26T09:59:54,12100.0,51.5,S
2021-07-26T09:59:54,1000.0,51.6,S
2021-07-26T09:59:43,200.0,51.7,B
2021-07-26T09:59:17,100.0,51.6,S
2021-07-26T09:59:15,5000.0,51.6,S
2021-07-26T09:58:53,10000.0,51.6,S
2021-07-26T09:58:34,100.0,51.6,S
2021-07-26T09:58:33,800.0,51.6,S
2021-07-26T09:57:46,500.0,51.6,S
2021-07-26T09:57:39,500.0,51.7,B
2021-07-26T09:57:20,500.0,51.7,B
2021-07-26T09:56:48,200.0,51.7,B
2021-07-26T09:55:23,200.0,51.7,B
2021-07-26T09:55:22,300.0,51.7,B
2021-07-26T09:54:51,100.0,51.7,B
2021-07-26T09:53:39,700.0,51.6,B
2021-07-26T09:53:28,100.0,51.6,B
2021-07-26T09:52:51,200.0,51.6,B
2021-07-26T09:52:48,2000.0,51.6,B
2021-07-26T09:52:38,2000.0,51.6,B
2021-07-26T09:52:28,3000.0,51.6,B
2021-07-26T09:52:22,100.0,51.6,B
2021-07-26T09:52:22,500.0,51.6,B
2021-07-26T09:52:13,2000.0,51.6,B
2021-07-26T09:52:12,100.0,51.6,B
2021-07-26T09:52:09,500.0,51.6,B
2021-07-26T09:51:09,2000.0,51.6,B
2021-07-26T09:49:36,2000.0,51.6,B
2021-07-26T09:49:09,2000.0,51.5,B
2021-07-26T09:49:01,5000.0,51.4,S
2021-07-26T09:47:39,300.0,51.5,S
2021-07-26T09:47:01,2700.0,51.5,B
2021-07-26T09:46:41,10000.0,51.5,B
2021-07-26T09:46:19,2000.0,51.5,B
2021-07-26T09:45:45,4000.0,51.5,B
2021-07-26T09:45:10,3600.0,51.4,S
2021-07-26T09:45:10,2600.0,51.4,S
2021-07-26T09:44:44,100.0,51.5,B
2021-07-26T09:44:42,3000.0,51.5,B
2021-07-26T09:44:16,1000.0,51.5,B
2021-07-26T09:43:05,600.0,51.5,B
2021-07-26T09:42:26,300.0,51.5,B
2021-07-26T09:42:16,500.0,51.5,B
2021-07-26T09:41:38,3700.0,51.5,S
2021-07-26T09:41:26,100.0,51.6,B
2021-07-26T09:40:18,1000.0,51.6,B
2021-07-26T09:40:05,1600.0,51.5,S
2021-07-26T09:39:53,800.0,51.5,S
2021-07-26T09:39:23,500.0,51.5,S
2021-07-26T09:38:18,10000.0,51.5,S
2021-07-26T09:38:08,300.0,51.5,S
2021-07-26T09:36:05,1300.0,51.5,B
2021-07-26T09:35:56,1000.0,51.5,B
2021-07-26T09:35:25,2800.0,51.5,B
2021-07-26T09:34:46,1000.0,51.5,S
2021-07-26T09:34:46,2500.0,51.5,B
2021-07-26T09:34:46,13700.0,51.5,B
2021-07-26T09:33:58,15900.0,51.4,S
2021-07-26T09:33:39,100.0,51.5,B
2021-07-26T09:32:42,100.0,51.5,B
2021-07-26T09:32:40,200.0,51.5,B
2021-07-26T09:32:06,100.0,51.5,B
2021-07-26T09:31:56,500.0,51.5,B
2021-07-26T09:31:41,100.0,51.5,B
2021-07-26T09:30:31,100.0,51.3,S
2021-07-26T09:29:58,2000.0,51.5,B
2021-07-26T09:29:57,8000.0,51.4,B
2021-07-26T09:29:55,500.0,51.4,B
2021-07-26T09:29:34,100.0,51.4,B
2021-07-26T09:29:33,100.0,51.4,B
2021-07-26T09:29:33,100.0,51.4,B
2021-07-26T09:29:23,400.0,51.4,B
2021-07-26T09:28:40,500.0,51.3,S
2021-07-26T09:28:31,5000.0,51.4,B
2021-07-26T09:28:06,5000.0,51.4,B
2021-07-26T09:27:33,1000.0,51.4,B
2021-07-26T09:27:03,1600.0,51.4,S
2021-07-26T09:26:59,1500.0,51.4,S
2021-07-26T09:26:59,200.0,51.4,S
2021-07-26T09:26:58,5000.0,51.4,S
2021-07-26T09:26:55,1100.0,51.4,S
2021-07-26T09:26:54,1500.0,51.4,S
2021-07-26T09:26:43,100.0,51.4,S
2021-07-26T09:26:33,300.0,51.4,S
2021-07-26T09:26:25,3000.0,51.5,B
2021-07-26T09:25:20,1300.0,51.5,S
2021-07-26T09:25:20,11600.0,51.5,S
2021-07-26T09:25:11,500.0,51.5,S
2021-07-26T09:25:04,100.0,51.5,S
2021-07-26T09:25:00,5000.0,51.5,S
2021-07-26T09:24:49,2000.0,51.5,S
2021-07-26T09:24:13,1200.0,51.5,S
2021-07-26T09:24:13,400.0,51.5,S
2021-07-26T09:24:13,400.0,51.5,S
2021-07-26T09:23:58,500.0,51.6,S
2021-07-26T09:23:55,100.0,51.6,S
2021-07-26T09:23:27,12000.0,51.6,S
2021-07-26T09:23:15,1000.0,51.7,B
2021-07-26T09:22:38,200.0,51.6,S
2021-07-26T09:22:15,5000.0,51.6,S
2021-07-26T09:22:02,2000.0,51.6,S
2021-07-26T09:21:28,700.0,51.6,S
2021-07-26T09:21:28,700.0,51.6,S
2021-07-26T09:20:56,100.0,51.9,B
2021-07-26T09:20:51,300.0,51.9,B
2021-07-26T09:20:45,200.0,51.8,S
2021-07-26T09:20:45,1200.0,51.8,S
2021-07-26T09:19:51,1000.0,51.8,B
2021-07-26T09:18:38,200.0,51.6,B
2021-07-26T09:18:29,500.0,51.6,B
2021-07-26T09:18:03,100.0,51.6,B
2021-07-26T09:17:30,700.0,51.5,S
2021-07-26T09:17:02,2000.0,51.5,S
2021-07-26T09:16:37,800.0,51.5,S
2021-07-26T09:16:28,2900.0,51.5,B
2021-07-26T09:16:28,1500.0,51.5,B
2021-07-26T09:16:27,400.0,51.4,S
2021-07-26T09:16:25,14500.0,51.5,B
2021-07-26T09:16:19,400.0,51.4,S
2021-07-26T09:16:09,400.0,51.4,B
2021-07-26T09:15:44,200.0,51.3,S
2021-07-26T09:15:34,200.0,51.3,B
2021-07-26T09:15:34,1100.0,51.3,B
2021-07-26T09:15:32,100.0,51.3,B
2021-07-26T09:15:32,500.0,51.3,B
2021-07-26T09:15:29,100.0,51.3,B
2021-07-26T09:15:29,100.0,51.3,B
2021-07-26T09:15:22,5000.0,51.3,B
2021-07-26T09:15:12,100.0,51.3,B
2021-07-26T09:15:07,1500.0,51.2,S
