tradingTime,volume,price,side
2021-07-26T11:29:00,700.0,8.26,S
2021-07-26T11:28:50,1300.0,8.26,B
2021-07-26T11:27:39,1000.0,8.26,S
2021-07-26T11:25:02,200.0,8.25,S
2021-07-26T11:24:30,300.0,8.25,B
2021-07-26T11:24:05,1000.0,8.25,B
2021-07-26T11:23:48,1600.0,8.25,B
2021-07-26T11:22:39,2000.0,8.25,B
2021-07-26T11:22:22,2000.0,8.25,B
2021-07-26T11:22:05,200.0,8.25,B
2021-07-26T11:21:39,500.0,8.25,B
2021-07-26T11:20:49,100.0,8.25,B
2021-07-26T11:20:19,500.0,8.25,B
2021-07-26T11:20:05,500.0,8.25,S
2021-07-26T11:20:05,4100.0,8.25,S
2021-07-26T11:19:42,700.0,8.25,S
2021-07-26T11:19:34,300.0,8.25,S
2021-07-26T11:16:23,100.0,8.28,S
2021-07-26T11:08:36,100.0,8.3,B
2021-07-26T11:05:22,500.0,8.3,S
2021-07-26T11:02:42,3000.0,8.28,S
2021-07-26T11:02:30,400.0,8.28,S
2021-07-26T11:00:54,1500.0,8.28,S
2021-07-26T10:57:24,1000.0,8.28,S
2021-07-26T10:56:20,600.0,8.28,S
2021-07-26T10:55:59,1300.0,8.28,S
2021-07-26T10:53:15,300.0,8.28,S
2021-07-26T10:52:52,100.0,8.3,S
2021-07-26T10:52:19,2000.0,8.3,S
2021-07-26T10:52:09,2400.0,8.3,B
2021-07-26T10:51:37,1600.0,8.3,S
2021-07-26T10:51:14,100.0,8.3,S
2021-07-26T10:50:59,800.0,8.3,B
2021-07-26T10:50:23,100.0,8.28,S
2021-07-26T10:50:23,600.0,8.29,S
2021-07-26T10:50:23,300.0,8.29,S
2021-07-26T10:49:49,2700.0,8.3,S
2021-07-26T10:48:57,1000.0,8.3,S
2021-07-26T10:48:25,500.0,8.3,B
2021-07-26T10:48:10,1000.0,8.3,B
2021-07-26T10:48:08,1000.0,8.3,B
2021-07-26T10:47:15,200.0,8.3,B
2021-07-26T10:44:48,100.0,8.29,S
2021-07-26T10:44:02,300.0,8.29,S
2021-07-26T10:42:26,300.0,8.3,B
2021-07-26T10:41:36,100.0,8.28,S
2021-07-26T10:39:16,2000.0,8.25,S
2021-07-26T10:38:54,4200.0,8.25,S
2021-07-26T10:38:54,200.0,8.25,S
2021-07-26T10:38:54,1000.0,8.25,S
2021-07-26T10:38:46,600.0,8.27,S
2021-07-26T10:38:11,3400.0,8.27,S
2021-07-26T10:37:16,100.0,8.28,S
2021-07-26T10:37:07,1500.0,8.28,S
2021-07-26T10:37:06,200.0,8.28,S
2021-07-26T10:37:00,200.0,8.28,S
2021-07-26T10:36:51,100.0,8.3,S
2021-07-26T10:36:51,2900.0,8.3,S
2021-07-26T10:36:51,900.0,8.3,S
2021-07-26T10:36:41,100.0,8.3,S
2021-07-26T10:36:29,800.0,8.3,S
2021-07-26T10:36:18,3400.0,8.31,S
2021-07-26T10:31:44,8900.0,8.3,S
2021-07-26T10:31:44,2200.0,8.3,S
2021-07-26T10:31:44,300.0,8.3,S
2021-07-26T10:31:44,8600.0,8.3,S
2021-07-26T10:30:14,900.0,8.31,S
2021-07-26T10:26:34,300.0,8.37,B
2021-07-26T10:25:38,1300.0,8.31,S
2021-07-26T10:25:23,300.0,8.37,B
2021-07-26T10:24:14,3000.0,8.31,S
2021-07-26T10:24:05,500.0,8.31,B
2021-07-26T10:24:05,2900.0,8.31,B
2021-07-26T10:24:03,500.0,8.31,B
2021-07-26T10:23:58,100.0,8.31,B
2021-07-26T10:23:47,2100.0,8.31,B
2021-07-26T10:23:34,1000.0,8.31,B
2021-07-26T10:23:33,1200.0,8.3,S
2021-07-26T10:23:16,3400.0,8.31,B
2021-07-26T10:23:11,200.0,8.31,S
2021-07-26T10:23:09,100.0,8.32,B
2021-07-26T10:23:06,500.0,8.32,B
2021-07-26T10:22:48,1600.0,8.32,S
2021-07-26T10:18:31,5700.0,8.32,S
2021-07-26T10:18:31,12900.0,8.32,S
2021-07-26T10:18:31,3300.0,8.32,S
2021-07-26T10:15:14,100.0,8.39,B
2021-07-26T10:15:14,400.0,8.39,B
2021-07-26T10:06:11,500.0,8.4,B
2021-07-26T09:55:05,100.0,8.4,B
2021-07-26T09:53:27,700.0,8.32,B
2021-07-26T09:52:58,100.0,8.32,B
2021-07-26T09:52:47,900.0,8.31,S
2021-07-26T09:52:47,1100.0,8.31,S
2021-07-26T09:50:51,100.0,8.32,S
2021-07-26T09:50:51,100.0,8.32,S
2021-07-26T09:50:51,300.0,8.35,S
2021-07-26T09:49:36,100.0,8.4,B
2021-07-26T09:41:59,100.0,8.4,B
2021-07-26T09:41:05,1000.0,8.41,B
2021-07-26T09:40:14,1000.0,8.41,B
2021-07-26T09:37:49,5000.0,8.41,B
2021-07-26T09:37:24,200.0,8.41,B
2021-07-26T09:36:23,1200.0,8.3,S
2021-07-26T09:33:01,10600.0,8.27,S
2021-07-26T09:33:01,4400.0,8.3,S
2021-07-26T09:29:02,100.0,8.3,B
2021-07-26T09:29:01,1000.0,8.3,B
2021-07-26T09:28:54,2000.0,8.3,B
2021-07-26T09:28:37,300.0,8.3,B
2021-07-26T09:28:25,1900.0,8.3,S
2021-07-26T09:28:10,1000.0,8.3,S
2021-07-26T09:26:45,4200.0,8.3,S
2021-07-26T09:26:35,2600.0,8.3,S
2021-07-26T09:26:29,1800.0,8.31,S
2021-07-26T09:26:29,1300.0,8.31,S
2021-07-26T09:26:25,500.0,8.32,S
2021-07-26T09:24:30,1000.0,8.31,S
2021-07-26T09:24:18,200.0,8.31,S
2021-07-26T09:23:04,700.0,8.3,S
2021-07-26T09:22:57,1000.0,8.3,S
2021-07-26T09:22:57,200.0,8.48,B
2021-07-26T09:18:26,300.0,8.5,B
2021-07-26T09:18:04,1000.0,8.5,B
