tradingTime,volume,price,side
2021-07-26T11:30:00,500.0,25.1,B
2021-07-26T11:29:30,300.0,25.1,B
2021-07-26T11:28:57,100.0,25.1,B
2021-07-26T11:28:52,100.0,25.1,B
2021-07-26T11:28:50,100.0,25.1,B
2021-07-26T11:28:33,500.0,25.1,B
2021-07-26T11:28:22,1000.0,25.1,B
2021-07-26T11:28:00,1100.0,25.1,B
2021-07-26T11:27:39,1600.0,25.1,B
2021-07-26T11:26:43,1000.0,25.1,B
2021-07-26T11:26:04,100.0,25.1,B
2021-07-26T11:26:02,300.0,25.0,S
2021-07-26T11:25:06,200.0,25.1,S
2021-07-26T11:25:06,15400.0,25.1,S
2021-07-26T11:24:17,100.0,25.15,S
2021-07-26T11:24:17,300.0,25.15,S
2021-07-26T11:24:17,2400.0,25.15,S
2021-07-26T11:21:41,700.0,25.15,S
2021-07-26T11:20:49,800.0,25.15,S
2021-07-26T11:20:49,300.0,25.15,S
2021-07-26T11:20:49,2000.0,25.15,S
2021-07-26T11:20:29,100.0,25.2,B
2021-07-26T11:19:29,500.0,25.2,B
2021-07-26T11:19:21,1000.0,25.2,B
2021-07-26T11:17:42,500.0,25.2,B
2021-07-26T11:17:25,100.0,25.2,B
2021-07-26T11:17:07,1000.0,25.2,B
2021-07-26T11:17:06,100.0,25.2,B
2021-07-26T11:14:59,500.0,25.2,B
2021-07-26T11:12:24,200.0,25.2,B
2021-07-26T11:12:05,500.0,25.2,B
2021-07-26T11:11:41,2700.0,25.2,S
2021-07-26T11:09:46,500.0,25.3,B
2021-07-26T11:07:34,100.0,25.4,B
2021-07-26T11:04:48,1200.0,25.3,B
2021-07-26T11:04:00,700.0,25.3,S
2021-07-26T11:03:42,300.0,25.3,S
2021-07-26T11:03:42,700.0,25.3,S
2021-07-26T10:53:03,1100.0,25.4,S
2021-07-26T10:52:45,2400.0,25.4,B
2021-07-26T10:50:29,500.0,25.4,B
2021-07-26T10:44:52,700.0,25.45,B
2021-07-26T10:43:15,31200.0,25.45,S
2021-07-26T10:42:09,300.0,25.45,S
2021-07-26T10:41:03,3000.0,25.45,S
2021-07-26T10:39:43,3600.0,25.45,B
2021-07-26T10:39:43,1900.0,25.35,B
2021-07-26T10:38:42,78500.0,25.35,S
2021-07-26T10:38:25,1400.0,25.4,S
2021-07-26T10:37:46,2400.0,25.4,B
2021-07-26T10:37:46,1200.0,25.4,B
2021-07-26T10:37:42,200.0,25.35,S
2021-07-26T10:37:21,600.0,25.35,S
2021-07-26T10:37:10,200.0,25.35,S
2021-07-26T10:37:02,1100.0,25.35,S
2021-07-26T10:36:52,800.0,25.35,S
2021-07-26T10:31:06,700.0,25.4,S
2021-07-26T10:29:14,200.0,25.4,S
2021-07-26T10:29:05,100.0,25.4,S
2021-07-26T10:28:59,100.0,25.4,S
2021-07-26T10:28:55,700.0,25.4,S
2021-07-26T10:28:45,200.0,25.4,S
2021-07-26T10:28:45,100.0,25.4,S
2021-07-26T10:26:47,1000.0,25.45,B
2021-07-26T10:25:47,3200.0,25.45,B
2021-07-26T10:22:52,1900.0,25.4,S
2021-07-26T10:20:27,200.0,25.4,B
2021-07-26T10:20:16,500.0,25.35,S
2021-07-26T10:20:05,400.0,25.35,S
2021-07-26T10:19:52,400.0,25.35,S
2021-07-26T10:19:38,100.0,25.35,S
2021-07-26T10:18:45,1900.0,25.3,S
2021-07-26T10:16:34,300.0,25.3,S
2021-07-26T10:14:38,1600.0,25.3,S
2021-07-26T10:13:55,700.0,25.3,S
2021-07-26T10:13:55,300.0,25.3,S
2021-07-26T10:13:29,100.0,25.4,B
2021-07-26T10:13:06,100.0,25.4,B
2021-07-26T10:13:04,100.0,25.4,S
2021-07-26T10:12:48,1000.0,25.4,S
2021-07-26T10:10:31,400.0,25.4,S
2021-07-26T10:10:31,1100.0,25.4,S
2021-07-26T10:10:31,400.0,25.4,S
2021-07-26T10:06:25,1900.0,25.4,S
2021-07-26T10:06:23,4500.0,25.4,S
2021-07-26T10:06:22,500.0,25.45,S
2021-07-26T10:05:51,400.0,25.4,S
2021-07-26T10:05:39,2800.0,25.4,S
2021-07-26T10:05:09,100.0,25.45,B
2021-07-26T10:05:02,3800.0,25.5,B
2021-07-26T10:04:57,3000.0,25.45,S
2021-07-26T10:04:54,800.0,25.5,B
2021-07-26T10:04:37,500.0,25.5,B
2021-07-26T09:59:30,100.0,25.5,B
2021-07-26T09:57:58,500.0,25.5,B
2021-07-26T09:57:38,500.0,25.5,B
2021-07-26T09:56:50,1000.0,25.5,B
2021-07-26T09:55:52,700.0,25.5,B
2021-07-26T09:55:52,300.0,25.5,B
2021-07-26T09:55:06,3000.0,25.5,B
2021-07-26T09:54:53,400.0,25.5,B
2021-07-26T09:51:39,2100.0,25.5,B
2021-07-26T09:49:56,1900.0,25.45,S
2021-07-26T09:49:06,2600.0,25.45,S
2021-07-26T09:46:26,500.0,25.45,S
2021-07-26T09:45:50,1900.0,25.45,S
2021-07-26T09:43:09,100.0,25.45,S
2021-07-26T09:42:54,2500.0,25.45,S
2021-07-26T09:41:51,500.0,25.5,B
2021-07-26T09:41:44,1900.0,25.45,S
2021-07-26T09:41:35,2800.0,25.45,S
2021-07-26T09:40:49,300.0,25.45,S
2021-07-26T09:35:14,500.0,25.5,B
2021-07-26T09:34:33,300.0,25.5,B
2021-07-26T09:33:23,500.0,25.5,B
2021-07-26T09:33:05,300.0,25.5,B
2021-07-26T09:32:28,100.0,25.5,B
2021-07-26T09:31:10,100.0,25.5,B
2021-07-26T09:30:47,1700.0,25.5,B
2021-07-26T09:30:47,400.0,25.5,S
2021-07-26T09:30:46,3200.0,25.5,S
2021-07-26T09:29:46,5000.0,25.5,S
2021-07-26T09:29:36,100.0,25.5,S
2021-07-26T09:29:07,200.0,25.55,B
2021-07-26T09:28:38,1900.0,25.5,S
2021-07-26T09:28:15,7000.0,25.55,S
2021-07-26T09:28:08,2400.0,25.55,S
2021-07-26T09:27:37,1600.0,25.55,S
2021-07-26T09:27:23,100.0,25.6,S
2021-07-26T09:25:26,1300.0,25.6,S
2021-07-26T09:24:58,6700.0,25.6,S
2021-07-26T09:21:19,200.0,25.6,S
2021-07-26T09:21:07,100.0,25.6,S
2021-07-26T09:20:34,500.0,25.7,S
2021-07-26T09:19:56,300.0,25.8,S
