tradingTime,volume,price,side
2021-07-26T11:29:49,100.0,91.6,S
2021-07-26T11:29:38,100.0,91.7,B
2021-07-26T11:29:34,500.0,91.7,B
2021-07-26T11:29:24,100.0,91.6,S
2021-07-26T11:29:15,100.0,91.7,B
2021-07-26T11:29:07,1000.0,91.6,S
2021-07-26T11:29:07,500.0,91.6,S
2021-07-26T11:28:56,100.0,91.6,S
2021-07-26T11:28:45,1000.0,91.7,B
2021-07-26T11:28:42,500.0,91.6,S
2021-07-26T11:28:41,400.0,91.6,S
2021-07-26T11:28:28,100.0,91.7,B
2021-07-26T11:28:17,5400.0,91.7,B
2021-07-26T11:28:17,1700.0,91.7,B
2021-07-26T11:28:17,6900.0,91.7,B
2021-07-26T11:28:14,100.0,91.7,B
2021-07-26T11:28:12,100.0,91.7,B
2021-07-26T11:28:00,2500.0,91.7,B
2021-07-26T11:27:52,100.0,91.7,B
2021-07-26T11:27:49,200.0,91.7,B
2021-07-26T11:27:44,100.0,91.7,B
2021-07-26T11:27:38,2000.0,91.7,B
2021-07-26T11:27:35,200.0,91.7,B
2021-07-26T11:27:31,1000.0,91.7,B
2021-07-26T11:27:23,100.0,91.7,B
2021-07-26T11:27:22,1000.0,91.7,B
2021-07-26T11:27:15,100.0,91.7,B
2021-07-26T11:27:15,100.0,91.7,S
2021-07-26T11:27:15,600.0,91.7,S
2021-07-26T11:27:15,700.0,91.7,S
2021-07-26T11:27:08,800.0,91.7,B
2021-07-26T11:27:08,1000.0,91.7,B
2021-07-26T11:27:08,1200.0,91.7,B
2021-07-26T11:27:08,2800.0,91.7,B
2021-07-26T11:27:00,100.0,91.7,B
2021-07-26T11:26:59,1900.0,91.7,B
2021-07-26T11:26:59,400.0,91.7,B
2021-07-26T11:26:57,300.0,91.7,B
2021-07-26T11:26:57,500.0,91.7,B
2021-07-26T11:26:55,500.0,91.7,B
2021-07-26T11:26:55,500.0,91.7,B
2021-07-26T11:26:55,3000.0,91.7,B
2021-07-26T11:26:52,100.0,91.7,B
2021-07-26T11:26:50,600.0,91.7,B
2021-07-26T11:26:49,6700.0,91.7,B
2021-07-26T11:26:49,1200.0,91.7,B
2021-07-26T11:26:49,1000.0,91.7,B
2021-07-26T11:26:49,1100.0,91.7,B
2021-07-26T11:26:44,400.0,91.7,B
2021-07-26T11:26:44,2300.0,91.7,B
2021-07-26T11:26:44,2900.0,91.7,B
2021-07-26T11:26:42,100.0,91.7,B
2021-07-26T11:26:35,500.0,91.7,B
2021-07-26T11:26:35,400.0,91.7,B
2021-07-26T11:26:35,1100.0,91.7,B
2021-07-26T11:26:35,900.0,91.7,B
2021-07-26T11:26:35,1500.0,91.7,B
2021-07-26T11:26:35,700.0,91.7,B
2021-07-26T11:26:22,2000.0,91.7,B
2021-07-26T11:26:21,2700.0,91.7,B
2021-07-26T11:26:15,200.0,91.7,B
2021-07-26T11:26:12,2000.0,91.6,B
2021-07-26T11:26:12,500.0,91.6,B
2021-07-26T11:26:12,400.0,91.6,B
2021-07-26T11:26:12,200.0,91.6,B
2021-07-26T11:26:12,5900.0,91.6,B
2021-07-26T11:26:09,1000.0,91.6,B
2021-07-26T11:26:08,300.0,91.6,B
2021-07-26T11:26:07,900.0,91.6,B
2021-07-26T11:26:04,100.0,91.6,B
2021-07-26T11:25:57,1000.0,91.6,B
2021-07-26T11:25:53,1100.0,91.5,B
2021-07-26T11:25:53,400.0,91.5,B
2021-07-26T11:25:53,1600.0,91.5,B
2021-07-26T11:25:53,2500.0,91.5,B
2021-07-26T11:25:53,200.0,91.5,B
2021-07-26T11:25:53,2300.0,91.5,B
2021-07-26T11:25:53,500.0,91.5,B
2021-07-26T11:25:53,400.0,91.5,B
2021-07-26T11:25:53,19100.0,91.5,B
2021-07-26T11:25:52,5000.0,91.5,B
2021-07-26T11:25:52,200.0,91.5,B
2021-07-26T11:25:51,500.0,91.5,B
2021-07-26T11:25:50,1200.0,91.5,B
2021-07-26T11:25:47,27300.0,91.5,B
2021-07-26T11:25:47,5800.0,91.5,B
2021-07-26T11:25:47,600.0,91.5,B
2021-07-26T11:25:47,1000.0,91.5,B
2021-07-26T11:25:47,300.0,91.5,B
2021-07-26T11:25:47,1000.0,91.5,B
2021-07-26T11:25:47,3200.0,91.5,B
2021-07-26T11:25:47,10800.0,91.5,B
2021-07-26T11:25:46,2000.0,91.5,B
2021-07-26T11:25:45,1000.0,91.5,B
2021-07-26T11:25:45,4000.0,91.5,B
2021-07-26T11:25:44,6000.0,91.5,B
2021-07-26T11:25:40,4700.0,91.5,B
2021-07-26T11:25:34,1500.0,91.5,B
2021-07-26T11:25:32,1000.0,91.5,B
2021-07-26T11:25:30,100.0,91.5,B
2021-07-26T11:25:25,300.0,91.5,B
2021-07-26T11:25:22,500.0,91.4,S
2021-07-26T11:25:19,1000.0,91.5,B
2021-07-26T11:25:17,200.0,91.5,B
2021-07-26T11:25:16,100.0,91.5,B
2021-07-26T11:25:12,100.0,91.5,B
2021-07-26T11:25:10,500.0,91.5,B
2021-07-26T11:24:59,700.0,91.5,B
2021-07-26T11:24:59,1000.0,91.4,S
2021-07-26T11:24:58,200.0,91.5,B
2021-07-26T11:24:55,100.0,91.5,B
2021-07-26T11:24:55,900.0,91.5,B
2021-07-26T11:24:54,100.0,91.5,B
2021-07-26T11:24:44,200.0,91.5,B
2021-07-26T11:24:35,3000.0,91.4,S
2021-07-26T11:24:31,100.0,91.5,B
2021-07-26T11:24:31,500.0,91.5,B
2021-07-26T11:24:31,3400.0,91.5,B
2021-07-26T11:24:25,3300.0,91.4,S
2021-07-26T11:24:19,3400.0,91.4,B
2021-07-26T11:24:19,700.0,91.4,B
2021-07-26T11:24:19,1000.0,91.4,B
2021-07-26T11:24:19,900.0,91.4,B
2021-07-26T11:24:19,100.0,91.4,B
2021-07-26T11:24:17,300.0,91.4,B
2021-07-26T11:24:14,100.0,91.4,B
2021-07-26T11:24:04,1000.0,91.4,B
2021-07-26T11:23:58,500.0,91.4,B
2021-07-26T11:23:48,400.0,91.3,S
2021-07-26T11:23:48,100.0,91.3,S
2021-07-26T11:23:43,200.0,91.4,B
2021-07-26T11:23:20,8700.0,91.3,B
2021-07-26T11:23:17,2100.0,91.3,B
2021-07-26T11:23:15,200.0,91.3,B
2021-07-26T11:23:02,200.0,91.2,S
2021-07-26T11:22:54,300.0,91.3,B
2021-07-26T11:22:45,100.0,91.3,B
2021-07-26T11:22:41,500.0,91.3,B
2021-07-26T11:22:32,100.0,91.3,B
2021-07-26T11:22:29,100.0,91.3,B
2021-07-26T11:22:24,900.0,91.3,B
2021-07-26T11:22:24,2200.0,91.3,B
2021-07-26T11:22:19,2000.0,91.3,B
2021-07-26T11:22:16,300.0,91.3,B
2021-07-26T11:22:07,1000.0,91.3,B
2021-07-26T11:22:07,400.0,91.3,B
2021-07-26T11:22:02,400.0,91.3,B
2021-07-26T11:21:57,600.0,91.3,B
2021-07-26T11:21:49,100.0,91.3,B
2021-07-26T11:21:41,400.0,91.3,B
2021-07-26T11:21:35,400.0,91.2,S
2021-07-26T11:21:28,1700.0,91.2,S
2021-07-26T11:20:54,2100.0,91.2,B
2021-07-26T11:20:54,1000.0,91.2,B
2021-07-26T11:20:54,2800.0,91.2,B
2021-07-26T11:20:54,200.0,91.2,B
2021-07-26T11:20:54,12600.0,91.2,B
2021-07-26T11:20:49,100.0,91.1,S
2021-07-26T11:20:49,7000.0,91.2,B
2021-07-26T11:20:46,100.0,91.2,B
2021-07-26T11:20:37,700.0,91.2,B
2021-07-26T11:20:37,200.0,91.1,S
2021-07-26T11:20:34,200.0,91.1,S
2021-07-26T11:20:24,100.0,91.2,B
2021-07-26T11:20:14,100.0,91.1,S
2021-07-26T11:19:44,500.0,91.1,S
2021-07-26T11:19:35,100.0,91.2,B
2021-07-26T11:19:04,3000.0,91.2,B
2021-07-26T11:18:59,100.0,91.2,B
2021-07-26T11:18:24,100.0,91.2,B
2021-07-26T11:18:12,300.0,91.2,B
2021-07-26T11:17:54,100.0,91.2,B
2021-07-26T11:17:53,200.0,91.2,B
2021-07-26T11:17:49,100.0,91.2,B
2021-07-26T11:17:18,200.0,91.2,B
2021-07-26T11:17:10,100.0,91.1,S
2021-07-26T11:17:10,200.0,91.1,S
2021-07-26T11:16:57,6000.0,91.2,B
2021-07-26T11:16:50,500.0,91.1,S
2021-07-26T11:16:42,300.0,91.1,S
2021-07-26T11:16:41,100.0,91.2,B
2021-07-26T11:16:34,500.0,91.1,S
2021-07-26T11:16:33,1500.0,91.1,S
2021-07-26T11:16:21,2600.0,91.1,S
2021-07-26T11:16:19,200.0,91.1,S
2021-07-26T11:16:14,100.0,91.1,S
2021-07-26T11:15:52,2000.0,91.1,S
2021-07-26T11:15:25,1000.0,91.1,S
2021-07-26T11:15:06,500.0,91.1,S
2021-07-26T11:14:51,100.0,91.2,B
2021-07-26T11:14:16,800.0,91.2,B
2021-07-26T11:14:16,100.0,91.2,B
2021-07-26T11:14:06,100.0,91.2,B
2021-07-26T11:14:05,100.0,91.1,S
2021-07-26T11:13:57,200.0,91.2,B
2021-07-26T11:13:31,1300.0,91.1,S
2021-07-26T11:13:28,1000.0,91.1,S
2021-07-26T11:13:04,100.0,91.2,B
2021-07-26T11:12:55,1000.0,91.2,B
2021-07-26T11:12:50,300.0,91.1,S
2021-07-26T11:12:31,1600.0,91.1,S
2021-07-26T11:12:29,100.0,91.1,B
2021-07-26T11:12:29,200.0,91.1,B
2021-07-26T11:12:23,100.0,91.1,B
2021-07-26T11:11:54,100.0,91.1,B
2021-07-26T11:11:53,100.0,91.1,B
2021-07-26T11:11:50,100.0,91.1,B
2021-07-26T11:11:37,4000.0,91.1,S
2021-07-26T11:11:37,100.0,91.2,B
2021-07-26T11:11:32,300.0,91.1,S
2021-07-26T11:11:06,1700.0,91.1,S
2021-07-26T11:11:06,300.0,91.1,S
2021-07-26T11:10:50,2800.0,91.1,S
2021-07-26T11:10:36,300.0,91.1,S
2021-07-26T11:10:19,5000.0,91.1,S
2021-07-26T11:09:49,400.0,91.1,S
2021-07-26T11:09:11,100.0,91.1,S
2021-07-26T11:08:44,200.0,91.1,S
2021-07-26T11:08:34,300.0,91.1,S
2021-07-26T11:08:33,1000.0,91.2,B
2021-07-26T11:08:29,300.0,91.2,B
2021-07-26T11:08:04,2300.0,91.1,S
2021-07-26T11:07:57,3400.0,91.1,B
2021-07-26T11:07:50,3300.0,91.1,B
2021-07-26T11:07:45,100.0,91.1,B
2021-07-26T11:07:45,200.0,91.1,B
2021-07-26T11:07:29,600.0,91.1,B
2021-07-26T11:07:24,200.0,91.1,B
2021-07-26T11:06:59,100.0,91.0,S
2021-07-26T11:06:57,900.0,91.1,B
2021-07-26T11:06:54,700.0,91.0,S
2021-07-26T11:06:42,1000.0,91.0,B
2021-07-26T11:06:42,700.0,91.0,B
2021-07-26T11:06:42,100.0,91.0,B
2021-07-26T11:06:42,1200.0,91.0,B
2021-07-26T11:06:42,2200.0,91.0,B
2021-07-26T11:06:42,2700.0,91.0,B
2021-07-26T11:06:42,200.0,91.0,B
2021-07-26T11:06:42,7300.0,91.0,B
2021-07-26T11:06:33,100.0,91.0,B
2021-07-26T11:06:05,800.0,91.0,B
2021-07-26T11:05:52,400.0,90.9,S
2021-07-26T11:05:49,500.0,90.9,S
2021-07-26T11:05:22,100.0,90.9,S
2021-07-26T11:05:18,100.0,90.8,S
2021-07-26T11:05:18,100.0,90.8,S
2021-07-26T11:05:18,300.0,90.8,S
2021-07-26T11:05:09,100.0,90.9,S
2021-07-26T11:05:00,500.0,91.0,B
2021-07-26T11:04:59,100.0,90.9,S
2021-07-26T11:04:54,100.0,91.0,B
2021-07-26T11:04:47,100.0,91.0,B
2021-07-26T11:04:33,100.0,91.0,B
2021-07-26T11:04:29,100.0,90.9,S
2021-07-26T11:04:25,100.0,90.9,S
2021-07-26T11:04:17,600.0,90.9,S
2021-07-26T11:04:15,400.0,90.9,S
2021-07-26T11:03:58,500.0,90.9,S
2021-07-26T11:03:39,300.0,90.9,B
2021-07-26T11:03:36,100.0,90.9,B
2021-07-26T11:03:32,100.0,90.9,B
2021-07-26T11:03:30,200.0,90.9,B
2021-07-26T11:03:29,100.0,90.9,B
2021-07-26T11:03:28,500.0,90.9,B
2021-07-26T11:03:26,100.0,90.9,B
2021-07-26T11:03:15,100.0,90.9,B
2021-07-26T11:03:08,4000.0,90.8,S
2021-07-26T11:02:59,300.0,90.8,S
2021-07-26T11:02:58,200.0,90.8,S
2021-07-26T11:02:52,400.0,90.8,S
2021-07-26T11:02:49,500.0,90.9,B
2021-07-26T11:02:45,1000.0,90.9,B
2021-07-26T11:02:43,600.0,90.8,S
2021-07-26T11:02:41,800.0,90.8,S
2021-07-26T11:02:39,1000.0,90.8,S
2021-07-26T11:02:29,1000.0,90.8,S
2021-07-26T11:02:17,600.0,90.8,S
2021-07-26T11:02:08,100.0,90.9,B
2021-07-26T11:01:59,1000.0,90.9,B
2021-07-26T11:01:50,100.0,90.9,B
2021-07-26T11:01:35,100.0,90.9,B
2021-07-26T11:01:14,100.0,90.9,B
2021-07-26T11:01:12,200.0,90.9,B
2021-07-26T11:00:51,300.0,90.9,B
2021-07-26T11:00:47,1000.0,90.9,B
2021-07-26T11:00:40,500.0,90.8,S
2021-07-26T11:00:40,500.0,90.8,S
2021-07-26T11:00:40,300.0,90.8,S
2021-07-26T11:00:40,8700.0,90.8,S
2021-07-26T11:00:35,200.0,90.8,S
2021-07-26T11:00:26,1500.0,90.8,S
2021-07-26T11:00:26,100.0,90.8,S
2021-07-26T11:00:26,900.0,90.8,S
2021-07-26T11:00:19,1900.0,91.0,B
2021-07-26T11:00:09,300.0,90.9,B
2021-07-26T11:00:06,300.0,90.9,B
2021-07-26T11:00:05,100.0,90.9,S
2021-07-26T11:00:05,1100.0,90.9,S
2021-07-26T11:00:05,1400.0,90.9,S
2021-07-26T11:00:05,3200.0,90.9,S
2021-07-26T11:00:05,500.0,90.9,S
2021-07-26T11:00:05,2500.0,90.9,S
2021-07-26T10:59:46,100.0,90.9,S
2021-07-26T10:59:41,100.0,90.9,S
2021-07-26T10:59:37,100.0,91.0,B
2021-07-26T10:59:31,200.0,91.0,B
2021-07-26T10:59:28,100.0,91.0,B
2021-07-26T10:58:52,100.0,91.0,B
2021-07-26T10:58:17,1000.0,91.0,B
2021-07-26T10:58:17,300.0,91.0,B
2021-07-26T10:57:49,600.0,91.0,B
2021-07-26T10:57:45,800.0,91.0,S
2021-07-26T10:57:39,9400.0,91.0,S
2021-07-26T10:57:37,300.0,91.0,S
2021-07-26T10:57:37,2300.0,91.0,S
2021-07-26T10:57:24,200.0,91.0,S
2021-07-26T10:57:06,300.0,91.1,B
2021-07-26T10:57:04,900.0,91.0,S
2021-07-26T10:57:04,1100.0,91.0,S
2021-07-26T10:56:55,1000.0,91.0,S
2021-07-26T10:56:31,200.0,91.1,B
2021-07-26T10:56:23,400.0,91.0,S
2021-07-26T10:56:22,100.0,91.0,S
2021-07-26T10:56:17,200.0,91.1,B
2021-07-26T10:56:12,200.0,91.1,B
2021-07-26T10:56:09,1000.0,91.1,B
2021-07-26T10:55:55,100.0,91.1,B
2021-07-26T10:55:46,100.0,91.1,B
2021-07-26T10:55:43,1300.0,91.0,S
2021-07-26T10:55:16,100.0,91.0,S
2021-07-26T10:54:44,100.0,91.1,B
2021-07-26T10:54:08,100.0,91.1,B
2021-07-26T10:53:51,500.0,91.1,B
2021-07-26T10:53:47,1200.0,91.0,S
2021-07-26T10:53:44,100.0,91.1,S
2021-07-26T10:53:44,400.0,91.1,S
2021-07-26T10:53:41,800.0,91.1,S
2021-07-26T10:53:30,500.0,91.1,S
2021-07-26T10:53:26,1400.0,91.1,S
2021-07-26T10:53:26,4000.0,91.1,S
2021-07-26T10:53:26,600.0,91.2,B
2021-07-26T10:53:12,200.0,91.1,S
2021-07-26T10:52:56,100.0,91.1,S
2021-07-26T10:52:54,300.0,91.1,S
2021-07-26T10:52:37,300.0,91.1,S
2021-07-26T10:52:32,100.0,91.2,B
2021-07-26T10:52:22,200.0,91.1,S
2021-07-26T10:51:59,200.0,91.2,S
2021-07-26T10:51:59,4800.0,91.2,S
2021-07-26T10:51:57,200.0,91.2,S
2021-07-26T10:51:33,300.0,91.2,S
2021-07-26T10:51:24,10000.0,91.2,S
2021-07-26T10:51:19,800.0,91.2,S
2021-07-26T10:51:09,100.0,91.2,S
2021-07-26T10:50:52,1000.0,91.2,S
2021-07-26T10:50:44,1000.0,91.2,S
2021-07-26T10:50:22,100.0,91.2,S
2021-07-26T10:50:09,600.0,91.2,S
2021-07-26T10:50:09,2000.0,91.2,S
2021-07-26T10:49:42,100.0,91.2,S
2021-07-26T10:49:39,1500.0,91.3,B
2021-07-26T10:49:36,900.0,91.2,S
2021-07-26T10:49:27,300.0,91.2,S
2021-07-26T10:49:03,100.0,91.2,S
2021-07-26T10:48:59,900.0,91.3,B
2021-07-26T10:48:59,2100.0,91.3,B
2021-07-26T10:48:50,1700.0,91.2,S
2021-07-26T10:48:44,2300.0,91.2,B
2021-07-26T10:48:44,1000.0,91.2,B
2021-07-26T10:48:16,4000.0,91.2,B
2021-07-26T10:48:12,300.0,91.2,B
2021-07-26T10:48:04,1300.0,91.2,B
2021-07-26T10:48:02,500.0,91.2,B
2021-07-26T10:47:58,600.0,91.2,B
2021-07-26T10:47:45,2000.0,91.2,B
2021-07-26T10:47:36,100.0,91.1,S
2021-07-26T10:47:35,100.0,91.2,B
2021-07-26T10:47:23,2000.0,91.2,B
2021-07-26T10:47:14,100.0,91.1,S
2021-07-26T10:47:13,500.0,91.2,B
2021-07-26T10:47:05,500.0,91.1,S
2021-07-26T10:46:59,100.0,91.1,S
2021-07-26T10:46:35,100.0,91.0,S
2021-07-26T10:46:16,100.0,91.2,B
2021-07-26T10:46:14,5000.0,91.2,B
2021-07-26T10:46:10,200.0,91.2,B
2021-07-26T10:46:06,100.0,91.0,S
2021-07-26T10:45:59,1000.0,91.2,B
2021-07-26T10:45:58,1700.0,91.0,B
2021-07-26T10:45:55,300.0,91.0,B
2021-07-26T10:45:55,700.0,91.0,B
2021-07-26T10:45:52,500.0,91.0,B
2021-07-26T10:45:47,1000.0,91.0,B
2021-07-26T10:45:45,300.0,90.9,S
2021-07-26T10:45:41,800.0,91.0,B
2021-07-26T10:45:41,2900.0,91.0,B
2021-07-26T10:45:40,100.0,90.9,S
2021-07-26T10:45:39,100.0,91.0,B
2021-07-26T10:45:38,500.0,91.0,B
2021-07-26T10:45:24,2200.0,90.9,B
2021-07-26T10:45:24,100.0,90.9,B
2021-07-26T10:45:24,100.0,90.9,B
2021-07-26T10:45:20,800.0,90.9,B
2021-07-26T10:45:17,500.0,90.8,S
2021-07-26T10:45:17,500.0,90.9,B
2021-07-26T10:45:13,400.0,90.9,B
2021-07-26T10:45:12,100.0,90.8,S
2021-07-26T10:45:09,200.0,90.9,B
2021-07-26T10:45:04,500.0,90.9,B
2021-07-26T10:44:59,5000.0,90.8,S
2021-07-26T10:44:57,900.0,90.8,S
2021-07-26T10:44:52,100.0,90.8,S
2021-07-26T10:44:50,5000.0,90.7,S
2021-07-26T10:44:45,100.0,90.8,B
2021-07-26T10:44:45,300.0,90.8,B
2021-07-26T10:44:45,2600.0,90.8,B
2021-07-26T10:44:41,100.0,90.8,B
2021-07-26T10:44:41,300.0,90.7,S
2021-07-26T10:44:38,500.0,90.7,S
2021-07-26T10:44:33,4600.0,90.7,S
2021-07-26T10:44:33,1000.0,90.6,B
2021-07-26T10:44:32,600.0,90.6,B
2021-07-26T10:44:32,500.0,90.6,S
2021-07-26T10:44:32,1500.0,90.6,S
2021-07-26T10:44:32,1300.0,90.6,S
2021-07-26T10:44:32,100.0,90.6,S
2021-07-26T10:44:32,5200.0,90.6,S
2021-07-26T10:44:32,2700.0,90.6,S
2021-07-26T10:44:32,1000.0,90.6,S
2021-07-26T10:44:32,600.0,90.6,S
2021-07-26T10:44:32,3700.0,90.6,S
2021-07-26T10:44:30,700.0,90.6,S
2021-07-26T10:44:30,4400.0,90.6,S
2021-07-26T10:44:30,100.0,90.7,B
2021-07-26T10:44:28,500.0,90.7,B
2021-07-26T10:44:23,100.0,90.7,B
2021-07-26T10:44:22,100.0,90.7,B
2021-07-26T10:44:20,200.0,90.7,B
2021-07-26T10:44:19,300.0,90.7,B
2021-07-26T10:44:10,500.0,90.7,B
2021-07-26T10:44:02,1500.0,90.6,S
2021-07-26T10:43:59,500.0,90.6,S
2021-07-26T10:43:57,1200.0,90.7,S
2021-07-26T10:43:54,1800.0,90.7,S
2021-07-26T10:43:54,1000.0,90.7,B
2021-07-26T10:43:44,900.0,90.6,S
2021-07-26T10:43:41,100.0,90.6,S
2021-07-26T10:43:39,1000.0,90.6,S
2021-07-26T10:43:32,500.0,90.6,S
2021-07-26T10:43:32,800.0,90.6,S
2021-07-26T10:43:29,100.0,90.6,S
2021-07-26T10:43:19,200.0,90.6,S
2021-07-26T10:43:14,200.0,90.6,S
2021-07-26T10:43:08,800.0,90.6,S
2021-07-26T10:43:04,1000.0,90.6,S
2021-07-26T10:42:58,300.0,90.7,B
2021-07-26T10:42:54,200.0,90.7,B
2021-07-26T10:42:52,1000.0,90.7,B
2021-07-26T10:42:51,3800.0,90.7,S
2021-07-26T10:42:49,2000.0,90.7,S
2021-07-26T10:42:46,200.0,90.8,B
2021-07-26T10:42:39,100.0,90.7,S
2021-07-26T10:42:39,1000.0,90.7,S
2021-07-26T10:42:34,300.0,90.7,S
2021-07-26T10:42:26,200.0,90.7,S
2021-07-26T10:42:26,300.0,90.7,S
2021-07-26T10:42:26,200.0,90.7,S
2021-07-26T10:42:26,300.0,90.7,S
2021-07-26T10:42:21,500.0,90.7,S
2021-07-26T10:42:14,10000.0,90.7,S
2021-07-26T10:42:13,100.0,90.8,B
2021-07-26T10:42:12,200.0,90.8,B
2021-07-26T10:41:56,1200.0,90.8,B
2021-07-26T10:41:56,400.0,90.8,B
2021-07-26T10:41:56,300.0,90.8,B
2021-07-26T10:41:45,100.0,90.8,B
2021-07-26T10:41:42,300.0,90.8,S
2021-07-26T10:41:39,5000.0,90.7,S
2021-07-26T10:41:34,400.0,90.8,B
2021-07-26T10:41:32,200.0,90.8,B
2021-07-26T10:41:31,300.0,90.7,S
2021-07-26T10:41:30,5000.0,90.8,B
2021-07-26T10:41:26,500.0,90.8,B
2021-07-26T10:41:22,100.0,90.8,B
2021-07-26T10:41:16,1000.0,90.8,B
2021-07-26T10:41:05,1000.0,90.8,B
2021-07-26T10:40:54,500.0,90.8,B
2021-07-26T10:40:53,200.0,90.8,B
2021-07-26T10:40:50,100.0,90.8,B
2021-07-26T10:40:49,3100.0,90.7,S
2021-07-26T10:40:46,100.0,90.8,B
2021-07-26T10:40:46,200.0,90.8,S
2021-07-26T10:40:40,500.0,90.8,S
2021-07-26T10:40:40,200.0,90.8,S
2021-07-26T10:40:40,200.0,90.8,S
2021-07-26T10:40:40,1000.0,90.8,S
2021-07-26T10:40:40,200.0,90.8,S
2021-07-26T10:40:40,1900.0,90.8,S
2021-07-26T10:40:35,100.0,90.8,S
2021-07-26T10:40:31,1000.0,90.8,S
2021-07-26T10:40:30,300.0,90.8,S
2021-07-26T10:40:26,200.0,90.8,S
2021-07-26T10:40:21,2000.0,90.8,S
2021-07-26T10:40:20,400.0,90.8,S
2021-07-26T10:40:10,400.0,90.8,S
2021-07-26T10:40:10,400.0,90.8,S
2021-07-26T10:40:05,1000.0,90.8,S
2021-07-26T10:40:03,200.0,90.8,S
2021-07-26T10:39:58,800.0,90.8,S
2021-07-26T10:39:55,300.0,90.8,S
2021-07-26T10:39:50,100.0,90.8,S
2021-07-26T10:39:46,200.0,90.8,S
2021-07-26T10:39:44,1000.0,90.8,S
2021-07-26T10:39:43,200.0,90.8,S
2021-07-26T10:39:38,1000.0,90.8,S
2021-07-26T10:39:31,400.0,90.9,B
2021-07-26T10:39:28,700.0,90.8,S
2021-07-26T10:39:27,1000.0,90.8,S
2021-07-26T10:39:18,200.0,90.8,S
2021-07-26T10:39:15,2000.0,90.9,B
2021-07-26T10:38:56,1100.0,90.9,B
2021-07-26T10:38:48,100.0,90.9,B
2021-07-26T10:38:42,100.0,90.9,B
2021-07-26T10:38:38,100.0,90.9,B
2021-07-26T10:38:29,400.0,90.9,B
2021-07-26T10:38:26,1300.0,90.9,S
2021-07-26T10:38:26,700.0,90.9,S
2021-07-26T10:38:26,1000.0,90.9,S
2021-07-26T10:38:26,100.0,90.9,S
2021-07-26T10:38:26,5100.0,90.9,S
2021-07-26T10:38:06,100.0,90.9,S
2021-07-26T10:37:58,2000.0,90.9,S
2021-07-26T10:37:57,300.0,90.9,S
2021-07-26T10:37:56,300.0,90.9,S
2021-07-26T10:37:55,200.0,90.9,S
2021-07-26T10:37:53,100.0,91.0,B
2021-07-26T10:37:52,100.0,90.9,S
2021-07-26T10:37:49,500.0,90.9,S
2021-07-26T10:37:49,300.0,90.9,S
2021-07-26T10:37:44,200.0,90.9,S
2021-07-26T10:37:39,500.0,90.9,S
2021-07-26T10:37:39,500.0,90.9,S
2021-07-26T10:37:26,500.0,90.9,S
2021-07-26T10:37:18,100.0,91.0,S
2021-07-26T10:37:10,900.0,91.0,B
2021-07-26T10:37:10,100.0,91.0,S
2021-07-26T10:37:01,100.0,91.0,S
2021-07-26T10:36:56,100.0,91.0,S
2021-07-26T10:36:56,300.0,91.0,S
2021-07-26T10:36:56,300.0,91.0,S
2021-07-26T10:36:56,1400.0,91.0,S
2021-07-26T10:36:55,200.0,91.0,S
2021-07-26T10:36:45,2000.0,91.0,S
2021-07-26T10:36:41,700.0,91.1,B
2021-07-26T10:36:34,300.0,91.0,S
2021-07-26T10:36:34,1200.0,91.0,S
2021-07-26T10:36:34,500.0,91.0,S
2021-07-26T10:36:34,3600.0,91.0,S
2021-07-26T10:36:34,1000.0,91.0,S
2021-07-26T10:36:34,3600.0,91.0,S
2021-07-26T10:36:32,700.0,91.1,B
2021-07-26T10:36:24,100.0,91.1,B
2021-07-26T10:36:22,1500.0,91.1,S
2021-07-26T10:36:15,200.0,91.1,S
2021-07-26T10:36:12,100.0,91.1,S
2021-07-26T10:36:11,100.0,91.1,S
2021-07-26T10:36:06,1000.0,91.1,S
2021-07-26T10:36:06,600.0,91.0,S
2021-07-26T10:36:06,200.0,91.0,S
2021-07-26T10:36:06,300.0,91.0,S
2021-07-26T10:36:06,2200.0,91.0,S
2021-07-26T10:36:06,600.0,91.0,S
2021-07-26T10:36:06,400.0,91.0,S
2021-07-26T10:36:06,1800.0,91.0,S
2021-07-26T10:36:06,900.0,91.0,S
2021-07-26T10:36:06,100.0,91.0,S
2021-07-26T10:36:06,1000.0,91.0,S
2021-07-26T10:36:06,1000.0,91.0,S
2021-07-26T10:36:06,300.0,91.0,S
2021-07-26T10:36:06,1100.0,91.0,S
2021-07-26T10:36:06,1500.0,91.0,S
2021-07-26T10:36:06,100.0,91.0,S
2021-07-26T10:36:06,800.0,91.0,S
2021-07-26T10:36:06,3000.0,91.0,S
2021-07-26T10:36:06,3800.0,91.0,S
2021-07-26T10:36:06,900.0,91.0,S
2021-07-26T10:36:06,9400.0,91.0,S
2021-07-26T10:36:04,1000.0,91.0,S
2021-07-26T10:35:55,200.0,91.0,S
2021-07-26T10:35:46,2900.0,91.0,S
2021-07-26T10:35:46,500.0,91.0,S
2021-07-26T10:35:46,1900.0,91.0,S
2021-07-26T10:35:46,1000.0,91.0,S
2021-07-26T10:35:46,700.0,91.0,S
2021-07-26T10:35:46,600.0,91.0,S
2021-07-26T10:35:46,2400.0,91.0,S
2021-07-26T10:35:42,300.0,91.1,S
2021-07-26T10:35:36,900.0,91.1,S
2021-07-26T10:35:18,2800.0,91.1,S
2021-07-26T10:34:47,1000.0,91.1,S
2021-07-26T10:34:27,100.0,91.1,S
2021-07-26T10:34:10,100.0,91.2,B
2021-07-26T10:34:02,200.0,91.2,B
2021-07-26T10:33:55,100.0,91.2,B
2021-07-26T10:33:41,500.0,91.2,B
2021-07-26T10:33:20,2400.0,91.2,S
2021-07-26T10:33:20,400.0,91.2,S
2021-07-26T10:33:12,1000.0,91.2,S
2021-07-26T10:33:09,1000.0,91.2,S
2021-07-26T10:33:05,300.0,91.2,S
2021-07-26T10:33:03,200.0,91.2,S
2021-07-26T10:32:57,100.0,91.2,S
2021-07-26T10:32:57,400.0,91.2,S
2021-07-26T10:32:34,100.0,91.2,S
2021-07-26T10:32:19,100.0,91.2,S
2021-07-26T10:32:14,100.0,91.2,S
2021-07-26T10:32:04,900.0,91.2,B
2021-07-26T10:31:57,100.0,91.2,S
2021-07-26T10:31:40,100.0,91.2,B
2021-07-26T10:31:35,100.0,91.2,S
2021-07-26T10:31:34,200.0,91.2,B
2021-07-26T10:31:29,4000.0,91.1,S
2021-07-26T10:31:29,200.0,91.1,S
2021-07-26T10:31:29,1400.0,91.1,S
2021-07-26T10:31:29,10900.0,91.1,S
2021-07-26T10:31:27,100.0,91.2,S
2021-07-26T10:31:27,100.0,91.2,S
2021-07-26T10:31:20,200.0,91.2,B
2021-07-26T10:31:20,1700.0,91.2,B
2021-07-26T10:31:19,200.0,91.1,S
2021-07-26T10:31:06,100.0,91.2,B
2021-07-26T10:31:00,300.0,91.2,S
2021-07-26T10:30:59,1000.0,91.2,S
2021-07-26T10:30:50,800.0,91.2,S
2021-07-26T10:30:50,700.0,91.2,S
2021-07-26T10:30:43,100.0,91.2,S
2021-07-26T10:30:39,100.0,91.2,S
2021-07-26T10:30:21,100.0,91.2,S
2021-07-26T10:30:20,200.0,91.2,S
2021-07-26T10:30:00,500.0,91.2,S
2021-07-26T10:29:55,300.0,91.2,S
2021-07-26T10:29:36,200.0,91.2,S
2021-07-26T10:29:31,200.0,91.2,S
2021-07-26T10:29:31,800.0,91.2,B
2021-07-26T10:29:18,400.0,91.2,B
2021-07-26T10:29:10,100.0,91.2,S
2021-07-26T10:28:53,100.0,91.2,B
2021-07-26T10:28:51,500.0,91.1,S
2021-07-26T10:28:48,1000.0,91.1,S
2021-07-26T10:28:46,200.0,91.2,B
2021-07-26T10:28:37,100.0,91.1,S
2021-07-26T10:28:37,300.0,91.1,S
2021-07-26T10:28:37,3300.0,91.1,S
2021-07-26T10:28:37,100.0,91.2,S
2021-07-26T10:28:37,1000.0,91.2,S
2021-07-26T10:28:37,700.0,91.2,S
2021-07-26T10:28:37,6000.0,91.2,S
2021-07-26T10:28:37,500.0,91.2,S
2021-07-26T10:28:37,1500.0,91.2,S
2021-07-26T10:28:37,2500.0,91.2,S
2021-07-26T10:28:35,200.0,91.3,B
2021-07-26T10:28:31,200.0,91.2,S
2021-07-26T10:28:30,500.0,91.2,S
2021-07-26T10:28:27,100.0,91.2,S
2021-07-26T10:28:27,400.0,91.2,S
2021-07-26T10:28:24,400.0,91.2,S
2021-07-26T10:28:20,200.0,91.2,S
2021-07-26T10:28:19,400.0,91.2,S
2021-07-26T10:28:13,5000.0,91.2,S
2021-07-26T10:28:11,400.0,91.2,S
2021-07-26T10:28:06,400.0,91.2,S
2021-07-26T10:28:02,400.0,91.2,S
2021-07-26T10:27:57,400.0,91.2,S
2021-07-26T10:27:50,400.0,91.2,S
2021-07-26T10:27:42,100.0,91.2,S
2021-07-26T10:27:40,2100.0,91.2,S
2021-07-26T10:27:39,100.0,91.3,S
2021-07-26T10:27:34,3400.0,91.2,S
2021-07-26T10:27:34,100.0,91.2,S
2021-07-26T10:27:34,1500.0,91.2,S
2021-07-26T10:27:34,500.0,91.2,S
2021-07-26T10:27:32,1500.0,91.2,S
2021-07-26T10:27:32,100.0,91.2,S
2021-07-26T10:26:49,500.0,91.2,S
2021-07-26T10:26:48,300.0,91.4,B
2021-07-26T10:26:40,300.0,91.4,B
2021-07-26T10:26:39,100.0,91.4,B
2021-07-26T10:25:59,200.0,91.4,B
2021-07-26T10:25:52,5500.0,91.4,B
2021-07-26T10:25:43,200.0,91.2,S
2021-07-26T10:25:20,100.0,91.2,S
2021-07-26T10:25:04,300.0,91.2,S
2021-07-26T10:24:38,200.0,91.2,S
2021-07-26T10:24:30,500.0,91.2,S
2021-07-26T10:24:30,100.0,91.2,S
2021-07-26T10:24:03,100.0,91.2,S
2021-07-26T10:23:57,300.0,91.4,B
2021-07-26T10:23:28,100.0,91.4,B
2021-07-26T10:23:08,500.0,91.3,S
2021-07-26T10:23:07,2000.0,91.2,S
2021-07-26T10:22:59,2700.0,91.2,S
2021-07-26T10:22:59,5200.0,91.2,S
2021-07-26T10:22:59,400.0,91.2,S
2021-07-26T10:22:59,2700.0,91.2,S
2021-07-26T10:22:58,1300.0,91.2,S
2021-07-26T10:22:19,500.0,91.3,B
2021-07-26T10:22:17,900.0,91.2,S
2021-07-26T10:22:14,1000.0,91.3,B
2021-07-26T10:22:01,300.0,91.3,B
2021-07-26T10:21:36,100.0,91.3,S
2021-07-26T10:21:16,300.0,91.3,B
2021-07-26T10:21:16,1600.0,91.3,S
2021-07-26T10:21:03,100.0,91.5,B
2021-07-26T10:20:56,1000.0,91.5,B
2021-07-26T10:20:53,600.0,91.5,B
2021-07-26T10:20:53,100.0,91.4,B
2021-07-26T10:20:47,100.0,91.4,S
2021-07-26T10:20:24,1100.0,91.5,B
2021-07-26T10:20:18,300.0,91.3,S
2021-07-26T10:20:18,100.0,91.3,S
2021-07-26T10:19:52,1000.0,91.3,S
2021-07-26T10:19:39,300.0,91.2,S
2021-07-26T10:19:39,6700.0,91.3,S
2021-07-26T10:19:29,1100.0,91.4,S
2021-07-26T10:19:18,100.0,91.4,B
2021-07-26T10:19:14,200.0,91.4,S
2021-07-26T10:19:04,300.0,91.3,S
2021-07-26T10:17:59,1000.0,91.2,S
2021-07-26T10:17:31,1000.0,91.2,S
2021-07-26T10:17:27,200.0,91.3,B
2021-07-26T10:17:21,1000.0,91.3,B
2021-07-26T10:17:16,10000.0,91.2,S
2021-07-26T10:17:11,100.0,91.2,S
2021-07-26T10:17:03,500.0,91.3,B
2021-07-26T10:16:52,800.0,91.3,S
2021-07-26T10:16:44,400.0,91.3,S
2021-07-26T10:16:32,200.0,91.3,S
2021-07-26T10:16:25,100.0,91.3,S
2021-07-26T10:16:08,100.0,91.5,B
2021-07-26T10:15:59,5000.0,91.5,B
2021-07-26T10:15:17,300.0,91.5,B
2021-07-26T10:15:13,900.0,91.5,B
2021-07-26T10:15:09,900.0,91.5,B
2021-07-26T10:15:04,900.0,91.4,B
2021-07-26T10:14:49,300.0,91.5,B
2021-07-26T10:14:44,900.0,91.5,B
2021-07-26T10:14:39,900.0,91.5,B
2021-07-26T10:14:38,2000.0,91.5,B
2021-07-26T10:14:37,500.0,91.1,S
2021-07-26T10:14:37,2500.0,91.1,S
2021-07-26T10:14:36,900.0,91.5,B
2021-07-26T10:14:31,500.0,91.5,B
2021-07-26T10:14:28,500.0,91.5,B
2021-07-26T10:14:28,1500.0,91.4,B
2021-07-26T10:14:09,200.0,91.0,S
2021-07-26T10:14:06,900.0,91.5,B
2021-07-26T10:14:02,900.0,91.4,B
2021-07-26T10:13:59,600.0,91.4,B
2021-07-26T10:13:55,600.0,91.4,B
2021-07-26T10:13:51,300.0,91.0,S
2021-07-26T10:13:51,700.0,91.0,S
2021-07-26T10:13:48,2400.0,91.0,S
2021-07-26T10:13:47,200.0,91.0,S
2021-07-26T10:13:44,1100.0,91.0,S
2021-07-26T10:13:44,900.0,91.0,S
2021-07-26T10:13:42,200.0,91.4,B
2021-07-26T10:13:39,200.0,91.0,S
2021-07-26T10:13:39,400.0,91.0,S
2021-07-26T10:13:39,500.0,91.0,S
2021-07-26T10:13:39,1500.0,91.0,S
2021-07-26T10:13:36,2400.0,91.0,S
2021-07-26T10:13:32,2400.0,91.0,S
2021-07-26T10:13:26,1000.0,91.1,S
2021-07-26T10:13:20,500.0,91.0,S
2021-07-26T10:13:19,2000.0,91.0,S
2021-07-26T10:13:19,400.0,91.5,B
2021-07-26T10:13:13,100.0,91.0,S
2021-07-26T10:13:13,900.0,91.0,S
2021-07-26T10:13:10,2000.0,91.0,S
2021-07-26T10:13:08,100.0,91.0,S
2021-07-26T10:13:06,500.0,91.0,S
2021-07-26T10:13:06,300.0,91.0,S
2021-07-26T10:13:06,100.0,91.0,S
2021-07-26T10:13:06,1700.0,91.0,S
2021-07-26T10:13:02,2000.0,91.0,S
2021-07-26T10:12:53,1000.0,91.0,S
2021-07-26T10:12:47,1000.0,91.0,S
2021-07-26T10:12:42,2400.0,91.0,S
2021-07-26T10:12:39,2000.0,91.0,S
2021-07-26T10:12:39,600.0,91.0,S
2021-07-26T10:12:33,2000.0,91.0,S
2021-07-26T10:12:26,1000.0,91.0,S
2021-07-26T10:12:21,2600.0,91.0,S
2021-07-26T10:12:20,1000.0,91.5,B
2021-07-26T10:12:18,2600.0,91.0,S
2021-07-26T10:12:14,2600.0,91.0,S
2021-07-26T10:12:13,1000.0,91.1,B
2021-07-26T10:12:09,2400.0,91.0,S
2021-07-26T10:12:06,2000.0,91.0,S
2021-07-26T10:12:03,1000.0,91.0,S
2021-07-26T10:11:57,2600.0,91.0,S
2021-07-26T10:11:52,2400.0,91.0,S
2021-07-26T10:11:48,1000.0,91.0,S
2021-07-26T10:11:42,2000.0,91.0,S
2021-07-26T10:11:38,2600.0,91.0,S
2021-07-26T10:11:34,2400.0,91.0,S
2021-07-26T10:11:30,300.0,91.0,S
2021-07-26T10:11:29,2300.0,91.0,S
2021-07-26T10:11:25,2000.0,91.0,S
2021-07-26T10:11:22,200.0,91.0,S
2021-07-26T10:11:22,500.0,91.0,S
2021-07-26T10:11:22,300.0,91.0,S
2021-07-26T10:11:18,200.0,91.0,S
2021-07-26T10:11:18,1300.0,91.0,S
2021-07-26T10:11:18,500.0,91.0,S
2021-07-26T10:11:16,1000.0,91.0,S
2021-07-26T10:11:09,100.0,91.0,S
2021-07-26T10:11:09,900.0,91.0,S
2021-07-26T10:11:07,2000.0,91.0,S
2021-07-26T10:11:04,100.0,91.5,B
2021-07-26T10:11:00,1000.0,91.0,S
2021-07-26T10:10:57,2400.0,91.0,S
2021-07-26T10:10:50,2600.0,91.0,S
2021-07-26T10:10:47,500.0,91.0,S
2021-07-26T10:10:46,2600.0,91.0,S
2021-07-26T10:10:44,1000.0,91.1,S
2021-07-26T10:10:39,700.0,91.1,S
2021-07-26T10:10:39,1100.0,91.1,S
2021-07-26T10:10:39,200.0,91.1,S
2021-07-26T10:10:37,2600.0,91.1,S
2021-07-26T10:10:31,2400.0,91.1,S
2021-07-26T10:10:29,2400.0,91.2,S
2021-07-26T10:10:24,2000.0,91.2,S
2021-07-26T10:10:21,1100.0,91.1,S
2021-07-26T10:10:21,100.0,91.1,S
2021-07-26T10:10:21,1400.0,91.1,S
2021-07-26T10:10:17,1000.0,91.1,S
2021-07-26T10:10:13,2600.0,91.1,S
2021-07-26T10:10:10,1000.0,91.1,S
2021-07-26T10:10:03,900.0,91.1,S
2021-07-26T10:10:03,1700.0,91.2,S
2021-07-26T10:10:03,300.0,91.2,B
2021-07-26T10:09:59,2000.0,91.1,S
2021-07-26T10:09:56,100.0,91.5,B
2021-07-26T10:09:53,2400.0,91.1,S
2021-07-26T10:09:47,1500.0,91.2,S
2021-07-26T10:09:47,500.0,91.2,S
2021-07-26T10:09:45,2000.0,91.2,S
2021-07-26T10:09:42,2600.0,91.2,S
2021-07-26T10:09:36,500.0,91.2,S
2021-07-26T10:09:36,200.0,91.2,S
2021-07-26T10:09:35,1700.0,91.2,S
2021-07-26T10:09:31,200.0,91.2,S
2021-07-26T10:09:31,800.0,91.3,S
2021-07-26T10:09:26,2400.0,91.3,S
2021-07-26T10:09:20,700.0,91.3,S
2021-07-26T10:09:19,2400.0,91.3,S
2021-07-26T10:09:14,2600.0,91.3,S
2021-07-26T10:09:13,400.0,91.4,S
2021-07-26T10:09:08,2400.0,91.4,S
2021-07-26T10:09:07,1000.0,91.4,S
2021-07-26T10:09:04,1000.0,91.4,S
2021-07-26T10:09:03,100.0,91.4,S
2021-07-26T10:09:02,1000.0,91.5,B
2021-07-26T10:08:56,2400.0,91.4,S
2021-07-26T10:08:50,2400.0,91.4,S
2021-07-26T10:08:46,2700.0,91.4,S
2021-07-26T10:08:43,1300.0,91.4,S
2021-07-26T10:08:43,400.0,91.4,S
2021-07-26T10:08:43,900.0,91.4,S
2021-07-26T10:08:42,500.0,91.5,S
2021-07-26T10:08:39,2400.0,91.5,S
2021-07-26T10:08:35,1400.0,91.5,S
2021-07-26T10:08:35,1200.0,91.5,S
2021-07-26T10:08:33,100.0,91.5,S
2021-07-26T10:08:31,2600.0,91.5,S
2021-07-26T10:08:28,2000.0,91.5,S
2021-07-26T10:08:24,2600.0,91.5,S
2021-07-26T10:08:23,100.0,91.6,B
2021-07-26T10:08:17,2600.0,91.5,S
2021-07-26T10:08:17,100.0,91.6,S
2021-07-26T10:08:16,200.0,91.6,S
2021-07-26T10:08:12,100.0,91.6,S
2021-07-26T10:08:07,500.0,91.6,S
2021-07-26T10:08:05,300.0,91.6,S
2021-07-26T10:07:52,1000.0,91.6,S
2021-07-26T10:07:47,100.0,91.6,S
2021-07-26T10:07:38,500.0,91.6,S
2021-07-26T10:07:37,200.0,91.6,S
2021-07-26T10:07:35,100.0,91.6,S
2021-07-26T10:07:35,2500.0,91.6,B
2021-07-26T10:07:35,1100.0,91.6,B
2021-07-26T10:07:35,1400.0,91.6,B
2021-07-26T10:07:35,100.0,91.6,B
2021-07-26T10:07:35,500.0,91.5,S
2021-07-26T10:07:29,1700.0,91.6,B
2021-07-26T10:07:24,100.0,91.6,B
2021-07-26T10:07:23,100.0,91.6,B
2021-07-26T10:07:19,100.0,91.5,S
2021-07-26T10:07:09,300.0,91.5,S
2021-07-26T10:07:05,200.0,91.5,S
2021-07-26T10:06:56,1400.0,91.5,B
2021-07-26T10:06:54,500.0,91.5,B
2021-07-26T10:06:49,100.0,91.5,B
2021-07-26T10:06:42,100.0,91.5,B
2021-07-26T10:06:40,2300.0,91.4,S
2021-07-26T10:06:40,1500.0,91.5,B
2021-07-26T10:06:36,400.0,91.5,B
2021-07-26T10:06:36,500.0,91.5,B
2021-07-26T10:06:25,500.0,91.5,B
2021-07-26T10:06:23,1000.0,91.5,B
2021-07-26T10:06:22,200.0,91.5,B
2021-07-26T10:06:12,100.0,91.5,B
2021-07-26T10:06:11,500.0,91.5,B
2021-07-26T10:06:09,100.0,91.5,B
2021-07-26T10:06:07,700.0,91.5,B
2021-07-26T10:06:07,3100.0,91.5,B
2021-07-26T10:06:07,1200.0,91.5,B
2021-07-26T10:06:07,10000.0,91.5,B
2021-07-26T10:05:49,3900.0,91.5,B
2021-07-26T10:05:48,500.0,91.4,S
2021-07-26T10:05:44,100.0,91.4,S
2021-07-26T10:05:30,300.0,91.4,S
2021-07-26T10:05:29,700.0,91.5,B
2021-07-26T10:05:25,800.0,91.4,S
2021-07-26T10:05:04,1000.0,91.5,B
2021-07-26T10:05:04,5000.0,91.5,B
2021-07-26T10:05:00,700.0,91.5,B
2021-07-26T10:04:51,300.0,91.5,B
2021-07-26T10:04:44,100.0,91.5,B
2021-07-26T10:04:40,100.0,91.4,S
2021-07-26T10:04:33,600.0,91.4,S
2021-07-26T10:04:25,100.0,91.5,B
2021-07-26T10:04:24,2000.0,91.4,S
2021-07-26T10:04:22,200.0,91.4,S
2021-07-26T10:04:14,900.0,91.4,S
2021-07-26T10:04:12,2000.0,91.4,S
2021-07-26T10:04:07,500.0,91.4,S
2021-07-26T10:04:02,1000.0,91.4,S
2021-07-26T10:04:02,100.0,91.4,S
2021-07-26T10:03:59,400.0,91.4,S
2021-07-26T10:03:50,1100.0,91.4,S
2021-07-26T10:03:48,100.0,91.4,S
2021-07-26T10:03:48,100.0,91.4,S
2021-07-26T10:03:19,1300.0,91.4,S
2021-07-26T10:02:59,200.0,91.4,S
2021-07-26T10:02:49,100.0,91.5,B
2021-07-26T10:02:26,500.0,91.5,B
2021-07-26T10:02:21,800.0,91.5,B
2021-07-26T10:02:14,200.0,91.5,S
2021-07-26T10:02:14,4100.0,91.5,S
2021-07-26T10:02:14,600.0,91.5,S
2021-07-26T10:02:14,800.0,91.5,S
2021-07-26T10:02:14,1200.0,91.5,S
2021-07-26T10:02:14,1000.0,91.5,S
2021-07-26T10:02:12,100.0,91.5,S
2021-07-26T10:02:11,100.0,91.5,S
2021-07-26T10:02:06,600.0,91.5,S
2021-07-26T10:01:57,200.0,91.5,S
2021-07-26T10:01:54,1300.0,91.5,S
2021-07-26T10:01:50,500.0,91.5,S
2021-07-26T10:01:40,4000.0,91.5,S
2021-07-26T10:01:40,500.0,91.6,B
2021-07-26T10:01:37,1400.0,91.5,S
2021-07-26T10:01:21,700.0,91.5,S
2021-07-26T10:01:18,300.0,91.6,B
2021-07-26T10:01:16,200.0,91.5,S
2021-07-26T10:01:07,500.0,91.6,B
2021-07-26T10:01:05,400.0,91.6,S
2021-07-26T10:01:02,200.0,91.7,B
2021-07-26T10:00:45,400.0,91.6,B
2021-07-26T10:00:43,300.0,91.6,S
2021-07-26T10:00:43,200.0,91.6,S
2021-07-26T10:00:43,5100.0,91.6,S
2021-07-26T10:00:37,300.0,91.6,S
2021-07-26T10:00:32,3700.0,91.6,S
2021-07-26T10:00:32,200.0,91.7,B
2021-07-26T10:00:25,800.0,91.7,S
2021-07-26T10:00:23,100.0,91.7,S
2021-07-26T10:00:23,500.0,91.7,S
2021-07-26T10:00:20,100.0,91.8,B
2021-07-26T10:00:20,100.0,91.8,B
2021-07-26T10:00:18,100.0,91.7,S
2021-07-26T10:00:17,700.0,91.7,S
2021-07-26T10:00:17,600.0,91.7,S
2021-07-26T10:00:15,100.0,91.7,S
2021-07-26T10:00:14,700.0,91.7,S
2021-07-26T10:00:13,1000.0,91.7,S
2021-07-26T10:00:10,1000.0,91.7,S
2021-07-26T10:00:09,1000.0,91.8,B
2021-07-26T10:00:07,500.0,91.7,S
2021-07-26T10:00:03,1000.0,91.7,S
2021-07-26T09:59:58,400.0,91.7,S
2021-07-26T09:59:54,4000.0,91.7,S
2021-07-26T09:59:51,900.0,91.7,S
2021-07-26T09:59:49,100.0,91.7,S
2021-07-26T09:59:48,200.0,91.8,B
2021-07-26T09:59:44,200.0,91.7,S
2021-07-26T09:59:40,200.0,91.8,B
2021-07-26T09:59:37,600.0,91.8,B
2021-07-26T09:59:28,500.0,91.7,S
2021-07-26T09:59:28,2000.0,91.7,S
2021-07-26T09:59:24,2700.0,91.7,S
2021-07-26T09:59:24,500.0,91.8,B
2021-07-26T09:59:23,500.0,91.8,B
2021-07-26T09:59:19,900.0,91.8,B
2021-07-26T09:59:11,300.0,91.7,S
2021-07-26T09:59:01,200.0,91.8,B
2021-07-26T09:58:57,600.0,91.8,B
2021-07-26T09:58:46,10000.0,91.9,B
2021-07-26T09:58:40,300.0,91.8,S
2021-07-26T09:58:32,1600.0,91.9,B
2021-07-26T09:58:32,500.0,91.9,B
2021-07-26T09:58:31,1300.0,91.9,B
2021-07-26T09:58:31,1100.0,91.9,B
2021-07-26T09:58:31,5400.0,91.9,B
2021-07-26T09:58:31,4800.0,91.9,B
2021-07-26T09:58:31,900.0,91.9,B
2021-07-26T09:58:31,800.0,91.9,B
2021-07-26T09:58:31,3200.0,91.9,B
2021-07-26T09:58:31,500.0,91.9,B
2021-07-26T09:58:31,2000.0,91.9,B
2021-07-26T09:58:31,3900.0,91.9,B
2021-07-26T09:58:30,400.0,91.8,B
2021-07-26T09:58:29,1400.0,91.8,B
2021-07-26T09:58:29,11900.0,91.8,S
2021-07-26T09:58:29,14200.0,91.8,S
2021-07-26T09:58:27,100.0,91.9,B
2021-07-26T09:58:26,300.0,91.8,S
2021-07-26T09:58:23,30000.0,91.8,S
2021-07-26T09:58:14,2000.0,91.8,S
2021-07-26T09:58:14,5500.0,91.9,B
2021-07-26T09:58:14,1500.0,91.9,B
2021-07-26T09:58:13,600.0,91.9,B
2021-07-26T09:58:13,500.0,91.9,B
2021-07-26T09:58:07,100.0,91.8,S
2021-07-26T09:58:07,2100.0,91.9,B
2021-07-26T09:58:05,1000.0,91.9,B
2021-07-26T09:58:03,700.0,91.8,S
2021-07-26T09:58:01,100.0,91.9,B
2021-07-26T09:57:59,400.0,91.8,S
2021-07-26T09:57:53,1300.0,91.9,B
2021-07-26T09:57:53,8700.0,91.9,B
2021-07-26T09:57:50,200.0,91.8,S
2021-07-26T09:57:48,500.0,91.8,S
2021-07-26T09:57:46,200.0,91.8,S
2021-07-26T09:57:46,1000.0,91.8,S
2021-07-26T09:57:45,100.0,91.8,S
2021-07-26T09:57:40,200.0,91.8,S
2021-07-26T09:57:35,100.0,91.8,S
2021-07-26T09:57:35,100.0,91.8,S
2021-07-26T09:57:31,200.0,91.8,S
2021-07-26T09:57:27,500.0,91.8,S
2021-07-26T09:57:22,500.0,91.8,S
2021-07-26T09:57:22,200.0,91.8,S
2021-07-26T09:57:21,1000.0,91.9,B
2021-07-26T09:57:21,2900.0,91.9,B
2021-07-26T09:57:20,4000.0,91.8,S
2021-07-26T09:57:20,100.0,91.8,S
2021-07-26T09:57:17,1000.0,91.8,S
2021-07-26T09:57:13,900.0,91.8,B
2021-07-26T09:57:12,100.0,91.8,S
2021-07-26T09:57:12,400.0,91.8,S
2021-07-26T09:57:09,500.0,91.8,S
2021-07-26T09:57:07,300.0,91.8,S
2021-07-26T09:57:06,4400.0,91.8,B
2021-07-26T09:57:02,600.0,91.8,B
2021-07-26T09:57:02,100.0,91.8,S
2021-07-26T09:57:00,800.0,91.8,B
2021-07-26T09:56:57,2100.0,91.8,S
2021-07-26T09:56:57,500.0,91.8,S
2021-07-26T09:56:57,2100.0,91.8,S
2021-07-26T09:56:55,200.0,91.8,S
2021-07-26T09:56:50,500.0,91.8,S
2021-07-26T09:56:45,1000.0,91.8,S
2021-07-26T09:56:42,1000.0,91.8,S
2021-07-26T09:56:35,1200.0,91.8,S
2021-07-26T09:56:33,100.0,91.8,S
2021-07-26T09:56:32,600.0,91.8,S
2021-07-26T09:56:31,1200.0,91.9,B
2021-07-26T09:56:25,300.0,91.8,S
2021-07-26T09:56:25,1000.0,91.8,S
2021-07-26T09:56:24,100.0,91.8,S
2021-07-26T09:56:22,4000.0,91.8,S
2021-07-26T09:56:20,1300.0,91.8,B
2021-07-26T09:56:20,2300.0,91.8,B
2021-07-26T09:56:20,200.0,91.8,B
2021-07-26T09:56:20,2400.0,91.8,B
2021-07-26T09:56:20,36900.0,91.8,B
2021-07-26T09:56:17,100.0,91.7,S
2021-07-26T09:56:15,1800.0,91.8,B
2021-07-26T09:56:13,100.0,91.7,S
2021-07-26T09:56:10,600.0,91.8,B
2021-07-26T09:56:06,500.0,91.8,B
2021-07-26T09:56:06,2500.0,91.8,B
2021-07-26T09:56:06,2000.0,91.8,B
2021-07-26T09:56:06,5500.0,91.8,B
2021-07-26T09:56:02,200.0,91.8,B
2021-07-26T09:56:01,1500.0,91.8,B
2021-07-26T09:56:01,1000.0,91.8,B
2021-07-26T09:55:59,600.0,91.8,B
2021-07-26T09:55:59,2400.0,91.8,B
2021-07-26T09:55:56,500.0,91.8,B
2021-07-26T09:55:56,500.0,91.8,B
2021-07-26T09:55:53,200.0,91.8,B
2021-07-26T09:55:38,1000.0,91.8,B
2021-07-26T09:55:28,600.0,91.7,S
2021-07-26T09:55:26,200.0,91.8,B
2021-07-26T09:55:25,900.0,91.7,B
2021-07-26T09:55:20,200.0,91.7,B
2021-07-26T09:55:17,200.0,91.7,B
2021-07-26T09:55:04,400.0,91.8,B
2021-07-26T09:55:00,500.0,91.7,B
2021-07-26T09:55:00,500.0,91.7,B
2021-07-26T09:55:00,400.0,91.7,B
2021-07-26T09:54:58,1000.0,91.7,B
2021-07-26T09:54:57,500.0,91.7,B
2021-07-26T09:54:55,300.0,91.7,B
2021-07-26T09:54:54,1000.0,91.7,B
2021-07-26T09:54:52,1000.0,91.7,B
2021-07-26T09:54:50,100.0,91.7,B
2021-07-26T09:54:49,100.0,91.7,B
2021-07-26T09:54:48,2000.0,91.7,B
2021-07-26T09:54:48,500.0,91.7,B
2021-07-26T09:54:47,400.0,91.7,B
2021-07-26T09:54:47,600.0,91.7,B
2021-07-26T09:54:44,2300.0,91.7,B
2021-07-26T09:54:44,1100.0,91.7,B
2021-07-26T09:54:44,1600.0,91.7,B
2021-07-26T09:54:41,4000.0,91.7,B
2021-07-26T09:54:39,2000.0,91.7,B
2021-07-26T09:54:38,1100.0,91.6,S
2021-07-26T09:54:35,200.0,91.7,B
2021-07-26T09:54:33,100.0,91.6,S
2021-07-26T09:54:26,100.0,91.7,B
2021-07-26T09:54:16,100.0,91.6,S
2021-07-26T09:54:15,500.0,91.7,B
2021-07-26T09:54:15,1100.0,91.7,B
2021-07-26T09:54:15,1000.0,91.7,B
2021-07-26T09:54:13,200.0,91.6,S
2021-07-26T09:54:12,100.0,91.6,S
2021-07-26T09:54:10,300.0,91.6,B
2021-07-26T09:54:07,400.0,91.6,B
2021-07-26T09:54:07,100.0,91.6,B
2021-07-26T09:54:07,2900.0,91.6,B
2021-07-26T09:54:04,400.0,91.6,B
2021-07-26T09:54:04,500.0,91.6,B
2021-07-26T09:54:03,100.0,91.6,B
2021-07-26T09:54:02,100.0,91.6,B
2021-07-26T09:54:02,1000.0,91.6,B
2021-07-26T09:54:01,2000.0,91.6,B
2021-07-26T09:54:01,100.0,91.5,S
2021-07-26T09:53:56,100.0,91.6,B
2021-07-26T09:53:54,4600.0,91.6,B
2021-07-26T09:53:44,2000.0,91.6,B
2021-07-26T09:53:44,500.0,91.5,B
2021-07-26T09:53:40,300.0,91.4,S
2021-07-26T09:53:39,1400.0,91.5,B
2021-07-26T09:53:34,1000.0,91.5,B
2021-07-26T09:53:31,2000.0,91.5,B
2021-07-26T09:53:24,200.0,91.6,B
2021-07-26T09:53:24,500.0,91.6,B
2021-07-26T09:53:24,3300.0,91.6,B
2021-07-26T09:53:17,100.0,91.5,B
2021-07-26T09:53:07,3300.0,91.5,B
2021-07-26T09:53:07,200.0,91.5,B
2021-07-26T09:53:05,100.0,91.5,B
2021-07-26T09:53:01,200.0,91.5,B
2021-07-26T09:52:50,1000.0,91.5,B
2021-07-26T09:52:50,200.0,91.5,B
2021-07-26T09:52:29,400.0,91.5,S
2021-07-26T09:52:28,500.0,91.5,S
2021-07-26T09:52:24,100.0,91.5,B
2021-07-26T09:52:21,300.0,91.2,S
2021-07-26T09:52:21,1700.0,91.2,S
2021-07-26T09:52:21,500.0,91.5,S
2021-07-26T09:52:21,1500.0,91.5,S
2021-07-26T09:52:20,200.0,91.5,S
2021-07-26T09:52:20,1000.0,91.5,S
2021-07-26T09:52:17,500.0,91.5,S
2021-07-26T09:52:11,1800.0,91.5,B
2021-07-26T09:52:09,3000.0,91.5,B
2021-07-26T09:52:05,1000.0,91.5,B
2021-07-26T09:52:03,3200.0,91.5,B
2021-07-26T09:51:59,1000.0,91.5,B
2021-07-26T09:51:38,300.0,91.5,B
2021-07-26T09:51:38,1500.0,91.5,B
2021-07-26T09:51:38,900.0,91.5,B
2021-07-26T09:51:38,100.0,91.5,B
2021-07-26T09:51:38,400.0,91.5,B
2021-07-26T09:51:38,2600.0,91.5,B
2021-07-26T09:51:38,900.0,91.5,B
2021-07-26T09:51:38,3300.0,91.5,B
2021-07-26T09:51:37,2400.0,91.1,S
2021-07-26T09:51:34,2000.0,91.2,S
2021-07-26T09:51:30,2000.0,91.2,S
2021-07-26T09:51:27,700.0,91.2,B
2021-07-26T09:51:26,2600.0,91.1,S
2021-07-26T09:51:25,300.0,91.2,S
2021-07-26T09:51:21,2000.0,91.2,S
2021-07-26T09:51:15,2900.0,91.5,B
2021-07-26T09:51:15,100.0,91.5,B
2021-07-26T09:51:15,300.0,91.5,B
2021-07-26T09:51:15,3400.0,91.5,B
2021-07-26T09:51:15,1400.0,91.5,B
2021-07-26T09:51:15,1000.0,91.5,B
2021-07-26T09:51:15,400.0,91.5,B
2021-07-26T09:51:15,500.0,91.5,B
2021-07-26T09:51:15,500.0,91.5,B
2021-07-26T09:51:15,1900.0,91.5,B
2021-07-26T09:51:15,800.0,91.5,B
2021-07-26T09:51:15,6800.0,91.5,B
2021-07-26T09:51:14,2600.0,91.1,S
2021-07-26T09:51:12,2400.0,91.1,S
2021-07-26T09:51:07,2400.0,91.1,S
2021-07-26T09:51:04,2400.0,91.1,S
2021-07-26T09:50:59,1300.0,91.1,S
2021-07-26T09:50:59,700.0,91.1,S
2021-07-26T09:50:57,200.0,91.1,S
2021-07-26T09:50:56,1000.0,91.1,S
2021-07-26T09:50:55,500.0,91.3,S
2021-07-26T09:50:55,500.0,91.3,S
2021-07-26T09:50:54,500.0,91.3,B
2021-07-26T09:50:51,2400.0,91.1,S
2021-07-26T09:50:51,1000.0,91.3,B
2021-07-26T09:50:49,2400.0,91.1,S
2021-07-26T09:50:45,1000.0,91.2,S
2021-07-26T09:50:44,500.0,91.3,S
2021-07-26T09:50:42,2600.0,91.2,S
2021-07-26T09:50:36,2400.0,91.2,S
2021-07-26T09:50:34,100.0,91.4,B
2021-07-26T09:50:31,2000.0,91.2,S
2021-07-26T09:50:27,2000.0,91.2,S
2021-07-26T09:50:21,1000.0,91.3,S
2021-07-26T09:50:18,600.0,91.3,B
2021-07-26T09:50:18,2000.0,91.2,S
2021-07-26T09:50:17,200.0,91.3,B
2021-07-26T09:50:14,2000.0,91.1,S
2021-07-26T09:50:13,600.0,91.3,B
2021-07-26T09:50:11,1000.0,91.1,S
2021-07-26T09:50:09,1000.0,91.3,B
2021-07-26T09:50:09,600.0,91.3,B
2021-07-26T09:50:06,2000.0,91.1,S
2021-07-26T09:50:06,200.0,91.5,B
2021-07-26T09:50:06,1300.0,91.5,B
2021-07-26T09:50:06,1500.0,91.5,B
2021-07-26T09:50:06,3300.0,91.5,B
2021-07-26T09:50:06,100.0,91.4,B
2021-07-26T09:50:06,600.0,91.4,B
2021-07-26T09:50:06,600.0,91.4,B
2021-07-26T09:50:06,7400.0,91.4,B
2021-07-26T09:50:04,300.0,91.1,S
2021-07-26T09:50:04,600.0,91.4,B
2021-07-26T09:50:04,2000.0,91.4,B
2021-07-26T09:50:04,4000.0,91.1,S
2021-07-26T09:50:00,2400.0,91.1,S
2021-07-26T09:49:59,500.0,91.1,S
2021-07-26T09:49:58,600.0,91.4,B
2021-07-26T09:49:56,1000.0,91.1,S
2021-07-26T09:49:52,2600.0,91.1,S
2021-07-26T09:49:52,100.0,91.4,B
2021-07-26T09:49:52,500.0,91.4,B
2021-07-26T09:49:52,1200.0,91.4,B
2021-07-26T09:49:52,2100.0,91.4,B
2021-07-26T09:49:52,500.0,91.3,B
2021-07-26T09:49:52,3700.0,91.3,B
2021-07-26T09:49:52,500.0,91.3,B
2021-07-26T09:49:52,600.0,91.3,B
2021-07-26T09:49:52,800.0,91.3,B
2021-07-26T09:49:52,100.0,91.2,B
2021-07-26T09:49:52,1800.0,91.2,B
2021-07-26T09:49:52,1900.0,91.2,B
2021-07-26T09:49:52,1000.0,91.2,B
2021-07-26T09:49:52,3200.0,91.2,B
2021-07-26T09:49:52,600.0,91.2,B
2021-07-26T09:49:52,1400.0,91.2,B
2021-07-26T09:49:51,300.0,91.2,B
2021-07-26T09:49:49,4200.0,91.1,B
2021-07-26T09:49:47,1000.0,91.0,S
2021-07-26T09:49:47,100.0,91.1,B
2021-07-26T09:49:44,2000.0,91.0,S
2021-07-26T09:49:44,1000.0,91.1,B
2021-07-26T09:49:42,2000.0,91.1,B
2021-07-26T09:49:42,100.0,91.0,S
2021-07-26T09:49:40,2400.0,91.0,S
2021-07-26T09:49:36,2600.0,91.0,S
2021-07-26T09:49:36,200.0,91.0,S
2021-07-26T09:49:34,1900.0,91.0,S
2021-07-26T09:49:34,500.0,91.1,S
2021-07-26T09:49:33,2000.0,91.2,B
2021-07-26T09:49:27,1000.0,91.0,S
2021-07-26T09:49:26,500.0,91.2,B
2021-07-26T09:49:19,100.0,91.0,S
2021-07-26T09:49:19,1000.0,91.0,S
2021-07-26T09:49:19,1000.0,91.0,S
2021-07-26T09:49:17,2600.0,91.1,S
2021-07-26T09:49:11,2000.0,91.0,S
2021-07-26T09:49:09,2600.0,91.0,S
2021-07-26T09:49:05,1000.0,91.0,S
2021-07-26T09:49:04,200.0,91.1,S
2021-07-26T09:49:04,1000.0,91.2,B
2021-07-26T09:48:55,2000.0,91.0,S
2021-07-26T09:48:51,1000.0,91.0,S
2021-07-26T09:48:49,100.0,91.1,S
2021-07-26T09:48:47,1000.0,91.0,S
2021-07-26T09:48:44,1000.0,91.0,S
2021-07-26T09:48:42,500.0,91.2,B
2021-07-26T09:48:39,300.0,91.0,S
2021-07-26T09:48:39,700.0,91.0,S
2021-07-26T09:48:38,100.0,91.1,S
2021-07-26T09:48:36,2600.0,91.0,S
2021-07-26T09:48:30,2000.0,91.0,S
2021-07-26T09:48:28,1100.0,91.2,B
2021-07-26T09:48:28,900.0,91.1,B
2021-07-26T09:48:27,1000.0,91.1,B
2021-07-26T09:48:27,1000.0,91.0,S
2021-07-26T09:48:23,2400.0,91.0,S
2021-07-26T09:48:20,2000.0,91.0,S
2021-07-26T09:48:18,700.0,91.0,S
2021-07-26T09:48:15,2600.0,91.0,S
2021-07-26T09:48:13,100.0,91.1,B
2021-07-26T09:48:12,500.0,91.1,B
2021-07-26T09:48:12,2600.0,91.0,S
2021-07-26T09:48:10,500.0,91.1,B
2021-07-26T09:48:08,2000.0,91.0,S
2021-07-26T09:48:04,200.0,91.1,B
2021-07-26T09:48:04,500.0,91.1,B
2021-07-26T09:48:04,1000.0,91.0,S
2021-07-26T09:48:02,1000.0,91.1,B
2021-07-26T09:47:59,400.0,91.1,B
2021-07-26T09:47:59,2600.0,91.0,S
2021-07-26T09:47:57,2000.0,91.1,B
2021-07-26T09:47:55,2600.0,91.0,S
2021-07-26T09:47:52,200.0,91.0,S
2021-07-26T09:47:49,2000.0,91.0,S
2021-07-26T09:47:45,2600.0,91.0,S
2021-07-26T09:47:42,2600.0,91.0,S
2021-07-26T09:47:37,700.0,91.0,S
2021-07-26T09:47:31,100.0,91.0,S
2021-07-26T09:47:28,100.0,91.0,S
2021-07-26T09:47:26,100.0,91.0,B
2021-07-26T09:47:19,1700.0,91.1,B
2021-07-26T09:47:18,300.0,91.0,S
2021-07-26T09:47:13,500.0,91.0,S
2021-07-26T09:47:10,500.0,91.0,S
2021-07-26T09:47:07,3200.0,91.1,B
2021-07-26T09:47:01,300.0,91.0,S
2021-07-26T09:46:57,100.0,91.1,B
2021-07-26T09:46:57,1000.0,91.1,B
2021-07-26T09:46:57,500.0,91.0,S
2021-07-26T09:46:52,700.0,91.0,S
2021-07-26T09:46:52,300.0,91.0,S
2021-07-26T09:46:50,2000.0,91.0,S
2021-07-26T09:46:47,100.0,91.0,S
2021-07-26T09:46:47,500.0,91.1,B
2021-07-26T09:46:43,2400.0,91.0,S
2021-07-26T09:46:42,500.0,91.1,B
2021-07-26T09:46:41,300.0,91.0,S
2021-07-26T09:46:40,2400.0,91.0,S
2021-07-26T09:46:30,500.0,91.0,S
2021-07-26T09:46:30,1600.0,91.0,S
2021-07-26T09:46:29,400.0,91.0,S
2021-07-26T09:46:26,2500.0,91.0,S
2021-07-26T09:46:24,100.0,91.1,B
2021-07-26T09:46:23,100.0,91.0,S
2021-07-26T09:46:22,2400.0,91.0,S
2021-07-26T09:46:19,1200.0,91.0,S
2021-07-26T09:46:17,500.0,91.0,B
2021-07-26T09:46:17,500.0,91.0,B
2021-07-26T09:46:14,500.0,91.0,B
2021-07-26T09:46:13,1400.0,91.0,B
2021-07-26T09:46:09,2000.0,91.0,S
2021-07-26T09:46:08,600.0,91.0,S
2021-07-26T09:46:07,500.0,91.1,B
2021-07-26T09:46:05,1000.0,91.0,S
2021-07-26T09:46:05,1000.0,91.1,B
2021-07-26T09:46:05,100.0,91.1,B
2021-07-26T09:46:04,100.0,91.1,B
2021-07-26T09:46:02,2000.0,91.0,S
2021-07-26T09:45:58,2000.0,91.0,S
2021-07-26T09:45:55,2600.0,91.0,S
2021-07-26T09:45:51,2000.0,91.0,S
2021-07-26T09:45:49,100.0,91.1,B
2021-07-26T09:45:48,600.0,91.0,S
2021-07-26T09:45:48,2000.0,91.0,S
2021-07-26T09:45:42,2000.0,91.0,S
2021-07-26T09:45:37,2400.0,91.0,S
2021-07-26T09:45:34,1000.0,91.0,S
2021-07-26T09:45:30,2400.0,91.0,S
2021-07-26T09:45:28,400.0,91.0,S
2021-07-26T09:45:28,100.0,91.1,B
2021-07-26T09:45:28,2000.0,91.0,S
2021-07-26T09:45:26,100.0,91.0,S
2021-07-26T09:45:24,100.0,91.1,B
2021-07-26T09:45:23,1000.0,91.0,S
2021-07-26T09:45:22,100.0,91.0,S
2021-07-26T09:45:19,100.0,91.0,S
2021-07-26T09:45:18,1000.0,91.0,S
2021-07-26T09:45:17,1700.0,91.0,B
2021-07-26T09:45:17,6000.0,91.0,B
2021-07-26T09:45:17,100.0,91.0,B
2021-07-26T09:45:17,1100.0,91.0,B
2021-07-26T09:45:17,2900.0,91.0,B
2021-07-26T09:45:17,500.0,91.0,B
2021-07-26T09:45:17,5000.0,91.0,B
2021-07-26T09:45:17,2200.0,91.0,B
2021-07-26T09:45:17,1400.0,91.0,B
2021-07-26T09:45:17,500.0,91.0,B
2021-07-26T09:45:17,400.0,91.0,B
2021-07-26T09:45:17,1200.0,91.0,B
2021-07-26T09:45:17,100.0,91.0,B
2021-07-26T09:45:17,3200.0,91.0,B
2021-07-26T09:45:17,2000.0,91.0,B
2021-07-26T09:45:17,100.0,91.0,B
2021-07-26T09:45:17,1100.0,91.0,B
2021-07-26T09:45:17,3300.0,91.0,B
2021-07-26T09:45:17,1000.0,91.0,B
2021-07-26T09:45:17,6300.0,91.0,B
2021-07-26T09:45:12,100.0,91.0,B
2021-07-26T09:45:02,100.0,90.9,S
2021-07-26T09:44:50,100.0,91.0,B
2021-07-26T09:44:50,100.0,90.9,S
2021-07-26T09:44:50,100.0,90.9,S
2021-07-26T09:44:44,500.0,90.9,S
2021-07-26T09:44:30,400.0,90.9,S
2021-07-26T09:44:29,1000.0,91.0,B
2021-07-26T09:44:20,5000.0,90.9,S
2021-07-26T09:44:14,500.0,90.9,S
2021-07-26T09:44:10,3000.0,90.9,S
2021-07-26T09:44:09,300.0,90.9,S
2021-07-26T09:43:55,200.0,90.9,S
2021-07-26T09:43:54,300.0,90.9,B
2021-07-26T09:43:53,500.0,90.9,B
2021-07-26T09:43:53,1500.0,90.9,B
2021-07-26T09:43:44,500.0,90.9,B
2021-07-26T09:43:39,200.0,90.9,B
2021-07-26T09:43:39,200.0,90.9,B
2021-07-26T09:43:39,100.0,90.9,B
2021-07-26T09:43:39,9500.0,90.9,B
2021-07-26T09:43:32,5000.0,90.9,B
2021-07-26T09:43:30,1000.0,90.9,B
2021-07-26T09:43:29,1300.0,90.9,B
2021-07-26T09:43:28,100.0,90.9,B
2021-07-26T09:43:28,200.0,90.9,B
2021-07-26T09:43:05,200.0,90.9,B
2021-07-26T09:43:03,100.0,90.9,B
2021-07-26T09:42:57,100.0,90.8,S
2021-07-26T09:42:45,200.0,90.8,S
2021-07-26T09:42:39,100.0,90.8,B
2021-07-26T09:42:39,13000.0,90.8,B
2021-07-26T09:42:39,200.0,90.7,B
2021-07-26T09:42:36,2000.0,90.7,B
2021-07-26T09:42:35,100.0,90.7,B
2021-07-26T09:42:33,300.0,90.6,S
2021-07-26T09:42:24,4700.0,90.6,S
2021-07-26T09:42:14,500.0,90.7,B
2021-07-26T09:42:13,500.0,90.6,S
2021-07-26T09:42:13,2000.0,90.7,B
2021-07-26T09:42:11,1500.0,90.7,B
2021-07-26T09:42:00,500.0,90.7,B
2021-07-26T09:41:59,100.0,90.6,S
2021-07-26T09:41:50,100.0,90.6,S
2021-07-26T09:41:49,200.0,90.5,S
2021-07-26T09:41:49,2000.0,90.5,S
2021-07-26T09:41:49,200.0,90.5,S
2021-07-26T09:41:49,200.0,90.5,S
2021-07-26T09:41:49,1600.0,90.5,S
2021-07-26T09:41:49,6500.0,90.5,S
2021-07-26T09:41:49,2100.0,90.6,S
2021-07-26T09:41:47,200.0,90.6,S
2021-07-26T09:41:34,1700.0,90.7,S
2021-07-26T09:41:29,500.0,90.7,S
2021-07-26T09:41:29,1100.0,90.7,S
2021-07-26T09:41:29,100.0,90.8,B
2021-07-26T09:41:27,100.0,90.7,S
2021-07-26T09:41:27,100.0,90.8,B
2021-07-26T09:41:23,200.0,90.8,B
2021-07-26T09:41:13,100.0,90.8,B
2021-07-26T09:41:12,100.0,90.8,B
2021-07-26T09:41:10,1500.0,90.8,S
2021-07-26T09:41:10,100.0,90.8,S
2021-07-26T09:41:10,100.0,90.8,S
2021-07-26T09:41:10,900.0,90.8,S
2021-07-26T09:41:09,900.0,90.8,S
2021-07-26T09:41:09,200.0,90.8,S
2021-07-26T09:40:50,100.0,90.8,S
2021-07-26T09:40:47,400.0,90.9,B
2021-07-26T09:40:37,500.0,90.9,B
2021-07-26T09:40:24,100.0,90.9,B
2021-07-26T09:40:22,200.0,90.8,S
2021-07-26T09:40:19,100.0,90.9,B
2021-07-26T09:40:14,100.0,90.9,B
2021-07-26T09:40:10,100.0,90.9,B
2021-07-26T09:40:10,100.0,90.9,B
2021-07-26T09:40:07,200.0,90.9,B
2021-07-26T09:40:02,100.0,90.9,S
2021-07-26T09:40:00,600.0,90.9,S
2021-07-26T09:39:55,700.0,90.9,S
2021-07-26T09:39:55,2800.0,90.9,S
2021-07-26T09:39:50,2500.0,90.9,S
2021-07-26T09:39:40,100.0,90.9,S
2021-07-26T09:39:33,300.0,90.9,S
2021-07-26T09:39:27,1000.0,90.9,S
2021-07-26T09:39:21,200.0,90.9,S
2021-07-26T09:39:17,200.0,91.0,B
2021-07-26T09:39:15,100.0,91.0,B
2021-07-26T09:39:09,1000.0,90.9,S
2021-07-26T09:39:08,300.0,91.0,B
2021-07-26T09:39:02,100.0,91.0,B
2021-07-26T09:39:00,500.0,91.0,B
2021-07-26T09:38:49,200.0,91.0,B
2021-07-26T09:38:41,200.0,91.0,B
2021-07-26T09:38:34,200.0,91.0,B
2021-07-26T09:38:32,200.0,91.0,B
2021-07-26T09:38:24,100.0,90.9,S
2021-07-26T09:38:20,100.0,91.0,B
2021-07-26T09:38:19,100.0,91.0,B
2021-07-26T09:38:12,1000.0,91.0,S
2021-07-26T09:38:12,200.0,91.0,S
2021-07-26T09:38:10,400.0,91.0,S
2021-07-26T09:38:05,200.0,91.0,B
2021-07-26T09:38:02,1900.0,91.0,S
2021-07-26T09:38:00,2000.0,91.0,S
2021-07-26T09:37:58,600.0,91.0,S
2021-07-26T09:37:57,2600.0,91.0,S
2021-07-26T09:37:56,500.0,91.0,S
2021-07-26T09:37:55,700.0,91.0,S
2021-07-26T09:37:54,1800.0,91.0,S
2021-07-26T09:37:53,700.0,91.0,S
2021-07-26T09:37:52,100.0,91.0,B
2021-07-26T09:37:52,100.0,91.0,B
2021-07-26T09:37:52,500.0,91.0,B
2021-07-26T09:37:48,700.0,91.0,S
2021-07-26T09:37:44,1000.0,91.0,S
2021-07-26T09:37:44,3000.0,91.0,S
2021-07-26T09:37:41,2400.0,91.0,S
2021-07-26T09:37:40,100.0,91.0,S
2021-07-26T09:37:39,500.0,91.0,S
2021-07-26T09:37:38,100.0,91.0,S
2021-07-26T09:37:36,1000.0,91.0,S
2021-07-26T09:37:36,2000.0,91.0,S
2021-07-26T09:37:34,2100.0,91.0,B
2021-07-26T09:37:33,500.0,91.0,B
2021-07-26T09:37:33,4500.0,91.0,B
2021-07-26T09:37:20,1000.0,91.0,S
2021-07-26T09:37:16,2300.0,91.0,S
2021-07-26T09:37:16,100.0,91.0,S
2021-07-26T09:37:15,1000.0,91.0,B
2021-07-26T09:37:15,300.0,91.0,B
2021-07-26T09:37:14,4300.0,91.0,B
2021-07-26T09:37:06,200.0,90.9,S
2021-07-26T09:37:05,100.0,91.0,B
2021-07-26T09:37:00,400.0,91.0,S
2021-07-26T09:37:00,600.0,91.0,S
2021-07-26T09:36:55,400.0,90.9,S
2021-07-26T09:36:55,1300.0,90.9,S
2021-07-26T09:36:55,2300.0,90.9,S
2021-07-26T09:36:55,1300.0,91.0,S
2021-07-26T09:36:47,200.0,91.0,B
2021-07-26T09:36:46,300.0,91.0,B
2021-07-26T09:36:44,1700.0,91.0,B
2021-07-26T09:36:44,400.0,91.0,B
2021-07-26T09:36:39,1000.0,90.9,S
2021-07-26T09:36:37,600.0,91.0,B
2021-07-26T09:36:37,500.0,91.0,B
2021-07-26T09:36:32,100.0,91.0,B
2021-07-26T09:36:29,100.0,91.0,B
2021-07-26T09:36:24,400.0,91.0,S
2021-07-26T09:36:24,100.0,91.0,B
2021-07-26T09:36:21,100.0,91.0,S
2021-07-26T09:36:21,100.0,91.0,S
2021-07-26T09:36:19,1800.0,91.0,B
2021-07-26T09:36:12,1000.0,91.0,B
2021-07-26T09:36:05,1000.0,91.0,B
2021-07-26T09:35:58,200.0,91.0,B
2021-07-26T09:35:54,500.0,91.0,B
2021-07-26T09:35:46,1000.0,91.0,S
2021-07-26T09:35:44,1000.0,91.1,B
2021-07-26T09:35:42,600.0,91.0,S
2021-07-26T09:35:38,2600.0,91.0,S
2021-07-26T09:35:32,900.0,91.0,S
2021-07-26T09:35:30,100.0,91.0,B
2021-07-26T09:35:29,2200.0,91.0,S
2021-07-26T09:35:29,100.0,91.0,S
2021-07-26T09:35:28,900.0,91.1,B
2021-07-26T09:35:26,1000.0,91.0,S
2021-07-26T09:35:25,300.0,91.0,S
2021-07-26T09:35:24,1100.0,91.0,S
2021-07-26T09:35:20,2400.0,91.0,S
2021-07-26T09:35:14,2400.0,91.0,S
2021-07-26T09:35:14,100.0,91.1,B
2021-07-26T09:35:14,2300.0,91.0,B
2021-07-26T09:35:14,1000.0,91.0,B
2021-07-26T09:35:10,200.0,91.0,B
2021-07-26T09:35:06,400.0,91.0,B
2021-07-26T09:35:05,500.0,91.0,S
2021-07-26T09:35:04,1600.0,91.0,S
2021-07-26T09:35:00,2600.0,91.0,S
2021-07-26T09:34:59,700.0,91.1,S
2021-07-26T09:34:59,500.0,91.1,B
2021-07-26T09:34:57,2100.0,91.0,S
2021-07-26T09:34:57,300.0,91.0,S
2021-07-26T09:34:56,100.0,91.1,B
2021-07-26T09:34:51,1000.0,91.0,S
2021-07-26T09:34:50,100.0,91.0,S
2021-07-26T09:34:44,2400.0,91.0,S
2021-07-26T09:34:44,1400.0,91.1,B
2021-07-26T09:34:43,200.0,91.1,S
2021-07-26T09:34:40,100.0,91.2,B
2021-07-26T09:34:37,1100.0,91.1,S
2021-07-26T09:34:37,200.0,91.2,B
2021-07-26T09:34:30,100.0,91.1,S
2021-07-26T09:34:29,600.0,91.1,B
2021-07-26T09:34:26,500.0,91.0,S
2021-07-26T09:34:26,200.0,91.0,S
2021-07-26T09:34:26,300.0,91.0,S
2021-07-26T09:34:26,1200.0,91.1,B
2021-07-26T09:34:20,100.0,91.1,B
2021-07-26T09:34:14,500.0,91.1,B
2021-07-26T09:34:14,5000.0,91.0,S
2021-07-26T09:34:11,5000.0,91.0,S
2021-07-26T09:34:07,200.0,91.1,B
2021-07-26T09:34:04,100.0,91.0,S
2021-07-26T09:34:01,5000.0,91.0,S
2021-07-26T09:33:53,2000.0,91.0,S
2021-07-26T09:33:53,100.0,91.1,B
2021-07-26T09:33:51,100.0,91.1,B
2021-07-26T09:33:45,4900.0,91.1,S
2021-07-26T09:33:45,200.0,91.1,S
2021-07-26T09:33:43,100.0,91.1,S
2021-07-26T09:33:39,100.0,91.1,S
2021-07-26T09:33:23,3000.0,91.1,S
2021-07-26T09:33:21,1600.0,91.2,B
2021-07-26T09:33:20,300.0,91.1,S
2021-07-26T09:33:09,100.0,91.2,B
2021-07-26T09:33:07,1800.0,91.2,B
2021-07-26T09:33:04,2000.0,91.2,S
2021-07-26T09:33:03,100.0,91.2,S
2021-07-26T09:32:58,200.0,91.2,S
2021-07-26T09:32:51,500.0,91.2,S
2021-07-26T09:32:44,100.0,91.3,B
2021-07-26T09:32:42,2100.0,91.3,S
2021-07-26T09:32:42,500.0,91.3,S
2021-07-26T09:32:33,100.0,91.3,S
2021-07-26T09:32:30,1200.0,91.3,S
2021-07-26T09:32:30,100.0,91.3,S
2021-07-26T09:32:29,200.0,91.3,S
2021-07-26T09:32:24,1000.0,91.3,S
2021-07-26T09:32:21,100.0,91.4,B
2021-07-26T09:32:15,900.0,91.4,B
2021-07-26T09:32:12,500.0,91.4,B
2021-07-26T09:32:06,1000.0,91.3,S
2021-07-26T09:31:51,2400.0,91.4,B
2021-07-26T09:31:50,300.0,91.2,S
2021-07-26T09:31:50,3600.0,91.2,S
2021-07-26T09:31:50,1400.0,91.3,S
2021-07-26T09:31:50,1100.0,91.3,S
2021-07-26T09:31:50,3900.0,91.3,S
2021-07-26T09:31:49,100.0,91.3,S
2021-07-26T09:31:48,100.0,91.3,S
2021-07-26T09:31:45,1000.0,91.3,S
2021-07-26T09:31:45,1000.0,91.3,S
2021-07-26T09:31:43,100.0,91.3,S
2021-07-26T09:31:29,100.0,91.3,S
2021-07-26T09:31:24,200.0,91.4,B
2021-07-26T09:31:21,300.0,91.3,S
2021-07-26T09:31:13,500.0,91.3,S
2021-07-26T09:31:10,100.0,91.3,S
2021-07-26T09:31:08,100.0,91.4,B
2021-07-26T09:31:06,100.0,91.3,S
2021-07-26T09:31:05,500.0,91.4,B
2021-07-26T09:31:05,300.0,91.4,B
2021-07-26T09:31:04,100.0,91.4,B
2021-07-26T09:31:03,100.0,91.3,S
2021-07-26T09:30:57,200.0,91.3,S
2021-07-26T09:30:55,100.0,91.4,B
2021-07-26T09:30:53,1500.0,91.3,S
2021-07-26T09:30:53,200.0,91.4,B
2021-07-26T09:30:51,1000.0,91.4,B
2021-07-26T09:30:49,200.0,91.4,B
2021-07-26T09:30:47,500.0,91.3,S
2021-07-26T09:30:41,100.0,91.4,B
2021-07-26T09:30:39,1000.0,91.4,B
2021-07-26T09:30:37,100.0,91.3,S
2021-07-26T09:30:37,700.0,91.3,B
2021-07-26T09:30:37,1600.0,91.3,B
2021-07-26T09:30:31,5000.0,91.2,S
2021-07-26T09:30:24,400.0,91.3,B
2021-07-26T09:30:22,200.0,91.2,B
2021-07-26T09:30:22,100.0,91.2,B
2021-07-26T09:30:22,6200.0,91.2,B
2021-07-26T09:30:22,1000.0,91.2,B
2021-07-26T09:30:20,5000.0,91.2,B
2021-07-26T09:30:18,100.0,91.2,B
2021-07-26T09:30:18,10000.0,91.2,B
2021-07-26T09:30:16,1000.0,91.2,B
2021-07-26T09:30:13,1100.0,91.2,B
2021-07-26T09:30:09,9600.0,91.2,B
2021-07-26T09:30:09,1300.0,91.2,B
2021-07-26T09:30:04,100.0,91.1,S
2021-07-26T09:30:02,1000.0,91.2,B
2021-07-26T09:29:58,22400.0,91.2,B
2021-07-26T09:29:58,2500.0,91.2,B
2021-07-26T09:29:58,15100.0,91.2,B
2021-07-26T09:29:58,100.0,91.1,S
2021-07-26T09:29:57,100.0,91.2,B
2021-07-26T09:29:55,500.0,91.2,B
2021-07-26T09:29:55,100.0,91.2,B
2021-07-26T09:29:48,300.0,91.1,S
2021-07-26T09:29:46,3000.0,91.1,B
2021-07-26T09:29:44,100.0,91.0,S
2021-07-26T09:29:41,1000.0,91.0,S
2021-07-26T09:29:41,200.0,91.0,S
2021-07-26T09:29:37,200.0,91.0,B
2021-07-26T09:29:37,1400.0,91.0,B
2021-07-26T09:29:37,6900.0,91.0,B
2021-07-26T09:29:33,200.0,90.9,S
2021-07-26T09:29:27,100.0,91.0,B
2021-07-26T09:29:27,3500.0,90.9,S
2021-07-26T09:29:27,200.0,91.0,B
2021-07-26T09:29:27,100.0,91.0,B
2021-07-26T09:29:26,1900.0,91.0,B
2021-07-26T09:29:26,4400.0,91.0,B
2021-07-26T09:29:17,700.0,91.0,B
2021-07-26T09:29:14,2000.0,91.0,B
2021-07-26T09:29:14,4600.0,91.0,B
2021-07-26T09:29:13,1000.0,91.0,B
2021-07-26T09:29:11,200.0,90.9,S
2021-07-26T09:29:09,400.0,91.0,B
2021-07-26T09:29:04,3000.0,90.8,S
2021-07-26T09:28:58,500.0,91.0,B
2021-07-26T09:28:58,1100.0,91.0,B
2021-07-26T09:28:58,2000.0,91.0,B
2021-07-26T09:28:57,100.0,90.9,S
2021-07-26T09:28:56,100.0,90.9,B
2021-07-26T09:28:51,500.0,90.9,B
2021-07-26T09:28:51,100.0,90.9,B
2021-07-26T09:28:43,400.0,90.8,B
2021-07-26T09:28:39,300.0,90.8,B
2021-07-26T09:28:35,200.0,90.9,B
2021-07-26T09:28:35,700.0,90.9,B
2021-07-26T09:28:30,900.0,90.8,B
2021-07-26T09:28:28,100.0,90.7,B
2021-07-26T09:28:26,15000.0,90.5,S
2021-07-26T09:28:25,900.0,90.7,B
2021-07-26T09:28:20,100.0,90.6,S
2021-07-26T09:28:18,600.0,90.5,S
2021-07-26T09:28:15,700.0,90.5,S
2021-07-26T09:28:15,100.0,90.6,S
2021-07-26T09:28:12,900.0,90.7,B
2021-07-26T09:28:12,1400.0,90.6,B
2021-07-26T09:28:10,300.0,90.6,B
2021-07-26T09:28:10,200.0,90.5,S
2021-07-26T09:28:06,100.0,90.5,S
2021-07-26T09:28:05,500.0,90.5,S
2021-07-26T09:28:05,300.0,90.6,B
2021-07-26T09:28:04,2600.0,90.6,B
2021-07-26T09:28:03,100.0,90.5,B
2021-07-26T09:28:03,100.0,90.4,S
2021-07-26T09:28:02,1000.0,90.5,B
2021-07-26T09:28:00,100.0,90.5,B
2021-07-26T09:28:00,600.0,90.5,B
2021-07-26T09:27:56,600.0,90.5,B
2021-07-26T09:27:55,400.0,90.5,B
2021-07-26T09:27:55,2100.0,90.5,B
2021-07-26T09:27:55,100.0,90.4,B
2021-07-26T09:27:55,200.0,90.4,B
2021-07-26T09:27:54,100.0,90.4,B
2021-07-26T09:27:54,100.0,90.4,B
2021-07-26T09:27:52,1600.0,90.4,B
2021-07-26T09:27:50,3500.0,90.4,B
2021-07-26T09:27:49,600.0,90.4,B
2021-07-26T09:27:49,2000.0,90.4,B
2021-07-26T09:27:45,100.0,90.4,B
2021-07-26T09:27:45,100.0,90.4,B
2021-07-26T09:27:44,100.0,90.4,B
2021-07-26T09:27:44,100.0,90.4,B
2021-07-26T09:27:44,2400.0,90.4,B
2021-07-26T09:27:43,100.0,90.4,B
2021-07-26T09:27:43,1200.0,90.4,B
2021-07-26T09:27:43,1000.0,90.4,B
2021-07-26T09:27:43,300.0,90.4,B
2021-07-26T09:27:39,400.0,90.4,B
2021-07-26T09:27:39,3000.0,90.4,B
2021-07-26T09:27:38,100.0,90.4,B
2021-07-26T09:27:35,500.0,90.4,B
2021-07-26T09:27:33,100.0,90.4,B
2021-07-26T09:27:32,200.0,90.4,B
2021-07-26T09:27:32,2000.0,90.4,B
2021-07-26T09:27:26,100.0,90.4,B
2021-07-26T09:27:25,3500.0,90.3,S
2021-07-26T09:27:25,100.0,90.4,B
2021-07-26T09:27:24,100.0,90.4,S
2021-07-26T09:27:23,100.0,90.4,S
2021-07-26T09:27:23,400.0,90.4,S
2021-07-26T09:27:22,100.0,90.4,B
2021-07-26T09:27:22,500.0,90.4,B
2021-07-26T09:27:21,500.0,90.4,B
2021-07-26T09:27:19,2000.0,90.4,B
2021-07-26T09:27:17,500.0,90.4,B
2021-07-26T09:27:16,100.0,90.4,B
2021-07-26T09:27:15,100.0,90.4,B
2021-07-26T09:27:15,500.0,90.4,B
2021-07-26T09:27:14,500.0,90.4,B
2021-07-26T09:27:12,200.0,90.4,S
2021-07-26T09:27:09,800.0,90.4,S
2021-07-26T09:27:08,500.0,90.4,S
2021-07-26T09:27:08,200.0,90.4,S
2021-07-26T09:27:05,500.0,90.4,B
2021-07-26T09:27:05,1000.0,90.4,B
2021-07-26T09:27:05,500.0,90.4,B
2021-07-26T09:27:04,500.0,90.5,B
2021-07-26T09:27:04,100.0,90.4,S
2021-07-26T09:27:01,1700.0,90.4,B
2021-07-26T09:26:59,500.0,90.4,B
2021-07-26T09:26:56,100.0,90.3,S
2021-07-26T09:26:56,2000.0,90.4,S
2021-07-26T09:26:56,5800.0,90.4,S
2021-07-26T09:26:54,100.0,90.5,B
2021-07-26T09:26:54,7200.0,90.5,B
2021-07-26T09:26:47,700.0,90.4,S
2021-07-26T09:26:45,700.0,90.5,B
2021-07-26T09:26:38,3200.0,90.4,S
2021-07-26T09:26:36,500.0,90.5,B
2021-07-26T09:26:34,200.0,90.5,B
2021-07-26T09:26:33,100.0,90.4,S
2021-07-26T09:26:33,100.0,90.5,B
2021-07-26T09:26:32,500.0,90.5,S
2021-07-26T09:26:30,1000.0,90.5,S
2021-07-26T09:26:29,1000.0,90.6,B
2021-07-26T09:26:29,300.0,90.5,S
2021-07-26T09:26:28,200.0,90.5,S
2021-07-26T09:26:28,100.0,90.5,S
2021-07-26T09:26:26,200.0,90.5,S
2021-07-26T09:26:25,1000.0,90.5,S
2021-07-26T09:26:24,500.0,90.6,B
2021-07-26T09:26:21,400.0,90.5,S
2021-07-26T09:26:21,100.0,90.5,S
2021-07-26T09:26:15,1500.0,90.6,B
2021-07-26T09:26:12,200.0,90.6,B
2021-07-26T09:26:10,400.0,90.5,S
2021-07-26T09:26:10,200.0,90.5,S
2021-07-26T09:26:09,300.0,90.6,B
2021-07-26T09:26:07,1500.0,90.5,S
2021-07-26T09:26:06,5000.0,90.5,S
2021-07-26T09:26:05,200.0,90.5,S
2021-07-26T09:26:05,200.0,90.5,S
2021-07-26T09:26:02,300.0,90.5,S
2021-07-26T09:26:02,700.0,90.5,S
2021-07-26T09:26:02,4000.0,90.5,S
2021-07-26T09:26:02,100.0,90.5,S
2021-07-26T09:26:02,300.0,90.5,S
2021-07-26T09:26:02,300.0,90.5,S
2021-07-26T09:26:02,100.0,90.5,S
2021-07-26T09:26:02,1400.0,90.5,S
2021-07-26T09:26:02,2500.0,90.5,S
2021-07-26T09:26:02,2100.0,90.5,S
2021-07-26T09:26:02,700.0,90.5,S
2021-07-26T09:26:02,100.0,90.5,S
2021-07-26T09:26:02,500.0,90.5,S
2021-07-26T09:26:02,5000.0,90.5,S
2021-07-26T09:26:02,26900.0,90.5,S
2021-07-26T09:26:01,100.0,90.5,S
2021-07-26T09:25:58,300.0,90.5,S
2021-07-26T09:25:57,300.0,90.5,S
2021-07-26T09:25:55,100.0,90.6,B
2021-07-26T09:25:55,100.0,90.6,B
2021-07-26T09:25:53,1000.0,90.5,S
2021-07-26T09:25:52,300.0,90.6,B
2021-07-26T09:25:51,500.0,90.6,B
2021-07-26T09:25:49,5900.0,90.6,S
2021-07-26T09:25:46,1000.0,90.6,S
2021-07-26T09:25:44,1000.0,90.6,S
2021-07-26T09:25:43,200.0,90.7,B
2021-07-26T09:25:42,100.0,90.7,S
2021-07-26T09:25:39,200.0,90.7,S
2021-07-26T09:25:39,200.0,90.7,S
2021-07-26T09:25:38,200.0,90.7,S
2021-07-26T09:25:37,100.0,90.7,S
2021-07-26T09:25:32,1000.0,90.7,S
2021-07-26T09:25:31,500.0,90.7,S
2021-07-26T09:25:27,100.0,90.7,S
2021-07-26T09:25:25,100.0,91.0,B
2021-07-26T09:25:24,1400.0,91.0,B
2021-07-26T09:25:24,1600.0,90.9,B
2021-07-26T09:25:19,1600.0,90.8,S
2021-07-26T09:25:16,200.0,90.8,S
2021-07-26T09:25:15,400.0,90.9,B
2021-07-26T09:25:15,200.0,90.9,B
2021-07-26T09:25:12,300.0,90.9,S
2021-07-26T09:25:09,100.0,91.0,B
2021-07-26T09:25:08,500.0,90.9,S
2021-07-26T09:25:06,100.0,90.9,S
2021-07-26T09:25:03,300.0,91.0,B
2021-07-26T09:24:59,1000.0,90.9,S
2021-07-26T09:24:59,300.0,90.9,S
2021-07-26T09:24:58,500.0,90.9,S
2021-07-26T09:24:57,1000.0,90.9,S
2021-07-26T09:24:56,1000.0,90.9,S
2021-07-26T09:24:55,400.0,90.9,S
2021-07-26T09:24:54,500.0,90.9,S
2021-07-26T09:24:54,1000.0,91.0,B
2021-07-26T09:24:54,1000.0,91.0,B
2021-07-26T09:24:49,100.0,91.0,B
2021-07-26T09:24:47,100.0,91.0,B
2021-07-26T09:24:47,500.0,91.0,B
2021-07-26T09:24:38,200.0,91.0,S
2021-07-26T09:24:38,500.0,91.0,S
2021-07-26T09:24:38,3800.0,91.0,S
2021-07-26T09:24:38,8600.0,91.0,S
2021-07-26T09:24:38,7700.0,91.0,S
2021-07-26T09:24:38,300.0,91.0,S
2021-07-26T09:24:38,4600.0,91.0,S
2021-07-26T09:24:34,1100.0,91.0,S
2021-07-26T09:24:33,600.0,91.0,S
2021-07-26T09:24:30,100.0,91.0,S
2021-07-26T09:24:29,500.0,91.0,S
2021-07-26T09:24:28,500.0,91.0,S
2021-07-26T09:24:26,100.0,91.1,B
2021-07-26T09:24:23,500.0,91.1,B
2021-07-26T09:24:23,200.0,91.0,S
2021-07-26T09:24:23,100.0,91.1,B
2021-07-26T09:24:22,1000.0,91.0,S
2021-07-26T09:24:14,1600.0,91.1,S
2021-07-26T09:24:14,200.0,91.1,S
2021-07-26T09:24:13,100.0,91.1,S
2021-07-26T09:24:12,100.0,91.2,B
2021-07-26T09:24:10,300.0,91.1,S
2021-07-26T09:24:09,100.0,91.1,S
2021-07-26T09:24:08,1000.0,91.1,S
2021-07-26T09:24:07,3000.0,91.1,S
2021-07-26T09:24:07,2000.0,91.1,S
2021-07-26T09:24:05,500.0,91.2,B
2021-07-26T09:23:59,200.0,91.2,B
2021-07-26T09:23:55,1000.0,91.1,S
2021-07-26T09:23:55,1000.0,91.1,S
2021-07-26T09:23:55,1000.0,91.1,S
2021-07-26T09:23:48,100.0,91.2,B
2021-07-26T09:23:45,200.0,91.1,S
2021-07-26T09:23:33,1300.0,91.2,B
2021-07-26T09:23:30,300.0,91.1,S
2021-07-26T09:23:30,100.0,91.2,B
2021-07-26T09:23:28,8200.0,91.2,S
2021-07-26T09:23:28,200.0,91.2,S
2021-07-26T09:23:28,1200.0,91.2,S
2021-07-26T09:23:27,2000.0,91.2,S
2021-07-26T09:23:20,1000.0,91.2,S
2021-07-26T09:23:15,100.0,91.2,S
2021-07-26T09:23:12,800.0,91.2,S
2021-07-26T09:23:12,100.0,91.2,S
2021-07-26T09:23:12,3800.0,91.3,B
2021-07-26T09:23:11,100.0,91.3,B
2021-07-26T09:23:03,200.0,91.2,S
2021-07-26T09:22:50,100.0,91.3,B
2021-07-26T09:22:44,100.0,91.2,S
2021-07-26T09:22:41,1000.0,91.2,S
2021-07-26T09:22:29,600.0,91.2,B
2021-07-26T09:22:24,500.0,91.3,B
2021-07-26T09:22:24,200.0,91.3,B
2021-07-26T09:22:24,4300.0,91.2,B
2021-07-26T09:22:22,700.0,91.2,S
2021-07-26T09:22:21,500.0,91.2,S
2021-07-26T09:22:20,100.0,91.2,S
2021-07-26T09:22:18,200.0,91.2,S
2021-07-26T09:22:14,2000.0,91.2,S
2021-07-26T09:22:14,100.0,91.3,B
2021-07-26T09:22:04,600.0,91.2,S
2021-07-26T09:22:04,100.0,91.2,S
2021-07-26T09:22:03,100.0,91.5,B
2021-07-26T09:22:02,200.0,91.5,B
2021-07-26T09:22:00,2000.0,91.2,S
2021-07-26T09:21:54,500.0,91.3,S
2021-07-26T09:21:53,2000.0,91.5,S
2021-07-26T09:21:52,100.0,91.5,S
2021-07-26T09:21:46,300.0,91.5,S
2021-07-26T09:21:45,100.0,91.5,S
2021-07-26T09:21:37,200.0,91.6,B
2021-07-26T09:21:32,100.0,91.6,B
2021-07-26T09:21:27,100.0,91.6,B
2021-07-26T09:21:26,100.0,91.5,S
2021-07-26T09:21:25,300.0,91.6,B
2021-07-26T09:21:22,100.0,91.6,B
2021-07-26T09:21:19,400.0,91.6,S
2021-07-26T09:21:18,200.0,91.6,S
2021-07-26T09:21:17,200.0,91.6,S
2021-07-26T09:21:14,100.0,91.6,S
2021-07-26T09:21:14,1000.0,91.7,B
2021-07-26T09:21:10,100.0,91.6,S
2021-07-26T09:21:06,100.0,91.7,B
2021-07-26T09:21:06,2000.0,91.6,S
2021-07-26T09:21:02,100.0,91.7,B
2021-07-26T09:21:00,500.0,91.7,B
2021-07-26T09:21:00,600.0,91.6,S
2021-07-26T09:21:00,1100.0,91.6,S
2021-07-26T09:21:00,1300.0,91.6,S
2021-07-26T09:20:58,200.0,91.7,S
2021-07-26T09:20:56,400.0,91.6,S
2021-07-26T09:20:56,500.0,91.6,S
2021-07-26T09:20:56,1300.0,91.6,S
2021-07-26T09:20:53,1000.0,91.8,B
2021-07-26T09:20:52,2400.0,91.8,B
2021-07-26T09:20:52,1800.0,91.8,B
2021-07-26T09:20:52,600.0,91.8,B
2021-07-26T09:20:52,5200.0,91.8,B
2021-07-26T09:20:51,300.0,91.6,S
2021-07-26T09:20:48,200.0,91.7,B
2021-07-26T09:20:48,200.0,91.6,S
2021-07-26T09:20:47,4500.0,91.6,S
2021-07-26T09:20:47,100.0,91.7,B
2021-07-26T09:20:45,1000.0,91.6,S
2021-07-26T09:20:44,100.0,91.6,S
2021-07-26T09:20:41,500.0,91.7,B
2021-07-26T09:20:41,100.0,91.7,B
2021-07-26T09:20:40,500.0,91.6,S
2021-07-26T09:20:37,200.0,91.7,B
2021-07-26T09:20:32,400.0,91.7,B
2021-07-26T09:20:30,100.0,91.7,B
2021-07-26T09:20:27,100.0,91.7,B
2021-07-26T09:20:26,100.0,91.7,S
2021-07-26T09:20:26,1900.0,91.7,S
2021-07-26T09:20:26,200.0,91.7,S
2021-07-26T09:20:25,1600.0,91.7,S
2021-07-26T09:20:25,400.0,91.7,S
2021-07-26T09:20:21,100.0,91.7,S
2021-07-26T09:20:20,1000.0,91.7,S
2021-07-26T09:20:19,1300.0,91.7,S
2021-07-26T09:20:18,500.0,91.7,S
2021-07-26T09:20:17,3900.0,91.7,B
2021-07-26T09:20:13,100.0,91.7,S
2021-07-26T09:20:09,500.0,91.7,S
2021-07-26T09:20:04,500.0,91.7,S
2021-07-26T09:20:03,100.0,91.7,B
2021-07-26T09:20:03,1000.0,91.7,B
2021-07-26T09:20:02,500.0,91.6,S
2021-07-26T09:20:02,100.0,91.6,S
2021-07-26T09:20:01,500.0,91.6,S
2021-07-26T09:19:59,5800.0,91.8,B
2021-07-26T09:19:59,200.0,91.7,B
2021-07-26T09:19:59,300.0,91.7,B
2021-07-26T09:19:58,100.0,91.6,S
2021-07-26T09:19:58,200.0,91.7,B
2021-07-26T09:19:53,600.0,91.8,B
2021-07-26T09:19:52,700.0,91.6,S
2021-07-26T09:19:52,1000.0,91.8,B
2021-07-26T09:19:52,100.0,91.7,S
2021-07-26T09:19:51,100.0,91.8,B
2021-07-26T09:19:51,700.0,91.8,B
2021-07-26T09:19:49,900.0,91.7,B
2021-07-26T09:19:45,1100.0,91.7,B
2021-07-26T09:19:39,5000.0,91.6,S
2021-07-26T09:19:37,100.0,91.7,B
2021-07-26T09:19:35,500.0,91.8,B
2021-07-26T09:19:35,500.0,91.8,B
2021-07-26T09:19:35,100.0,91.6,S
2021-07-26T09:19:32,300.0,91.8,B
2021-07-26T09:19:32,1000.0,91.6,S
2021-07-26T09:19:30,100.0,91.7,B
2021-07-26T09:19:29,100.0,91.7,S
2021-07-26T09:19:27,800.0,91.7,S
2021-07-26T09:19:27,100.0,91.7,B
2021-07-26T09:19:27,200.0,91.8,B
2021-07-26T09:19:26,600.0,91.8,B
2021-07-26T09:19:26,1300.0,91.7,B
2021-07-26T09:19:26,100.0,91.7,B
2021-07-26T09:19:25,200.0,91.7,B
2021-07-26T09:19:22,700.0,91.7,B
2021-07-26T09:19:18,300.0,91.7,S
2021-07-26T09:19:15,100.0,91.7,S
2021-07-26T09:19:13,100.0,91.7,B
2021-07-26T09:19:12,100.0,91.6,S
2021-07-26T09:19:06,1000.0,91.6,S
2021-07-26T09:19:04,500.0,91.6,S
2021-07-26T09:19:03,2000.0,91.8,B
2021-07-26T09:18:57,100.0,91.6,S
2021-07-26T09:18:55,200.0,91.8,B
2021-07-26T09:18:53,300.0,91.8,B
2021-07-26T09:18:53,400.0,91.6,S
2021-07-26T09:18:50,1000.0,91.6,S
2021-07-26T09:18:40,2000.0,91.6,S
2021-07-26T09:18:39,100.0,91.8,B
2021-07-26T09:18:39,200.0,91.8,B
2021-07-26T09:18:37,700.0,91.8,B
2021-07-26T09:18:33,500.0,91.6,S
2021-07-26T09:18:27,200.0,91.8,B
2021-07-26T09:18:22,7300.0,91.9,B
2021-07-26T09:18:20,500.0,91.8,B
2021-07-26T09:18:19,1000.0,91.8,B
2021-07-26T09:18:09,200.0,91.9,B
2021-07-26T09:17:59,500.0,91.9,B
2021-07-26T09:17:56,400.0,91.9,B
2021-07-26T09:17:50,5500.0,91.9,B
2021-07-26T09:17:49,500.0,91.9,B
2021-07-26T09:17:49,600.0,91.9,B
2021-07-26T09:17:44,100.0,91.9,B
2021-07-26T09:17:43,200.0,91.6,S
2021-07-26T09:17:43,500.0,91.9,B
2021-07-26T09:17:42,300.0,91.9,B
2021-07-26T09:17:42,100.0,91.9,B
2021-07-26T09:17:41,2000.0,91.6,S
2021-07-26T09:17:40,500.0,91.9,B
2021-07-26T09:17:40,300.0,91.9,B
2021-07-26T09:17:40,200.0,91.9,B
2021-07-26T09:17:31,100.0,91.9,B
2021-07-26T09:17:31,200.0,91.6,S
2021-07-26T09:17:29,500.0,91.9,B
2021-07-26T09:17:28,100.0,91.9,B
2021-07-26T09:17:27,300.0,91.9,B
2021-07-26T09:17:27,2000.0,91.9,B
2021-07-26T09:17:26,1000.0,91.9,B
2021-07-26T09:17:23,700.0,91.9,B
2021-07-26T09:17:23,300.0,91.9,B
2021-07-26T09:17:23,100.0,91.9,B
2021-07-26T09:17:22,1000.0,91.6,S
2021-07-26T09:17:21,500.0,91.9,B
2021-07-26T09:17:15,100.0,91.6,S
2021-07-26T09:17:12,100.0,91.6,B
2021-07-26T09:17:09,400.0,91.6,S
2021-07-26T09:17:07,200.0,91.9,B
2021-07-26T09:17:04,1000.0,91.9,B
2021-07-26T09:17:04,1000.0,91.7,S
2021-07-26T09:17:02,100.0,91.9,B
2021-07-26T09:17:00,100.0,91.9,B
2021-07-26T09:16:58,1000.0,91.5,S
2021-07-26T09:16:55,500.0,91.9,B
2021-07-26T09:16:55,100.0,91.5,S
2021-07-26T09:16:52,5000.0,91.9,B
2021-07-26T09:16:51,1000.0,91.5,B
2021-07-26T09:16:47,100.0,91.5,B
2021-07-26T09:16:46,1500.0,91.5,B
2021-07-26T09:16:45,1100.0,91.5,B
2021-07-26T09:16:45,300.0,91.5,B
2021-07-26T09:16:45,200.0,91.2,B
2021-07-26T09:16:45,500.0,91.0,S
2021-07-26T09:16:42,1000.0,91.0,S
2021-07-26T09:16:41,100.0,91.0,S
2021-07-26T09:16:37,100.0,91.0,B
2021-07-26T09:16:37,2900.0,91.0,B
2021-07-26T09:16:36,300.0,91.0,B
2021-07-26T09:16:33,1000.0,91.0,B
2021-07-26T09:16:32,300.0,90.7,S
2021-07-26T09:16:31,1000.0,91.0,B
2021-07-26T09:16:28,200.0,90.7,S
2021-07-26T09:16:27,300.0,90.7,S
2021-07-26T09:16:25,100.0,90.7,S
2021-07-26T09:16:19,1200.0,90.7,S
2021-07-26T09:16:19,500.0,90.7,B
2021-07-26T09:16:19,400.0,90.6,B
2021-07-26T09:16:19,1100.0,90.6,B
2021-07-26T09:16:19,600.0,90.5,S
2021-07-26T09:16:19,2900.0,90.5,B
2021-07-26T09:16:18,100.0,90.5,B
2021-07-26T09:16:16,300.0,90.5,B
2021-07-26T09:16:16,1100.0,90.5,B
2021-07-26T09:16:16,2000.0,90.5,B
2021-07-26T09:16:16,500.0,90.5,B
2021-07-26T09:16:16,400.0,90.5,B
2021-07-26T09:16:16,2800.0,90.5,B
2021-07-26T09:16:16,600.0,90.5,B
2021-07-26T09:16:16,2600.0,90.5,B
2021-07-26T09:16:13,500.0,90.5,B
2021-07-26T09:16:11,300.0,90.5,B
2021-07-26T09:16:11,400.0,90.4,S
2021-07-26T09:16:11,3800.0,90.4,S
2021-07-26T09:16:08,2100.0,90.5,B
2021-07-26T09:16:03,1600.0,90.4,S
2021-07-26T09:16:02,2300.0,90.5,B
2021-07-26T09:16:02,2700.0,90.5,B
2021-07-26T09:16:02,400.0,90.4,S
2021-07-26T09:16:01,200.0,90.5,B
2021-07-26T09:15:58,500.0,90.4,S
2021-07-26T09:15:57,500.0,90.5,B
2021-07-26T09:15:55,300.0,90.4,S
2021-07-26T09:15:52,500.0,90.4,S
2021-07-26T09:15:50,500.0,90.5,B
2021-07-26T09:15:48,100.0,90.4,S
2021-07-26T09:15:48,3000.0,90.5,B
2021-07-26T09:15:48,400.0,90.5,B
2021-07-26T09:15:48,3100.0,90.5,B
2021-07-26T09:15:48,600.0,90.5,B
2021-07-26T09:15:48,2900.0,90.5,B
2021-07-26T09:15:47,100.0,90.4,S
2021-07-26T09:15:47,1500.0,90.4,S
2021-07-26T09:15:47,100.0,90.5,B
2021-07-26T09:15:46,800.0,90.4,B
2021-07-26T09:15:45,400.0,90.3,S
2021-07-26T09:15:42,1200.0,90.4,S
2021-07-26T09:15:41,100.0,90.4,S
2021-07-26T09:15:35,700.0,90.4,B
2021-07-26T09:15:35,2200.0,90.4,B
2021-07-26T09:15:30,100.0,90.4,B
2021-07-26T09:15:28,1000.0,90.3,S
2021-07-26T09:15:26,500.0,90.3,B
2021-07-26T09:15:24,100.0,90.3,B
2021-07-26T09:15:24,500.0,90.3,B
2021-07-26T09:15:23,100.0,90.3,B
2021-07-26T09:15:07,800.0,90.2,S
2021-07-26T09:15:07,100.0,90.2,S
2021-07-26T09:15:07,100.0,90.3,B
2021-07-26T09:15:07,1000.0,90.3,B
2021-07-26T09:15:07,100.0,90.3,B
