tradingTime,volume,price,side
2021-07-26T11:29:19,2000.0,41.45,S
2021-07-26T11:28:32,100.0,41.5,B
2021-07-26T11:28:19,100.0,41.5,B
2021-07-26T11:28:09,100.0,41.5,B
2021-07-26T11:28:07,1000.0,41.5,B
2021-07-26T11:26:52,100.0,41.5,B
2021-07-26T11:26:07,100.0,41.45,S
2021-07-26T11:26:01,1400.0,41.45,S
2021-07-26T11:25:16,1100.0,41.45,B
2021-07-26T11:25:07,300.0,41.45,B
2021-07-26T11:24:57,200.0,41.45,B
2021-07-26T11:24:55,100.0,41.4,S
2021-07-26T11:24:54,200.0,41.45,B
2021-07-26T11:24:44,2100.0,41.45,B
2021-07-26T11:24:38,200.0,41.45,B
2021-07-26T11:24:35,3000.0,41.45,B
2021-07-26T11:24:27,100.0,41.45,B
2021-07-26T11:24:22,1000.0,41.45,B
2021-07-26T11:24:11,1100.0,41.45,B
2021-07-26T11:24:04,1400.0,41.45,B
2021-07-26T11:23:55,400.0,41.45,B
2021-07-26T11:23:29,300.0,41.45,B
2021-07-26T11:23:27,400.0,41.4,S
2021-07-26T11:22:59,500.0,41.4,B
2021-07-26T11:22:41,2900.0,41.4,B
2021-07-26T11:22:34,200.0,41.4,B
2021-07-26T11:22:32,200.0,41.4,B
2021-07-26T11:22:32,200.0,41.4,B
2021-07-26T11:21:51,500.0,41.4,B
2021-07-26T11:21:42,8000.0,41.4,S
2021-07-26T11:21:28,100.0,41.4,S
2021-07-26T11:20:55,600.0,41.4,S
2021-07-26T11:20:54,500.0,41.4,S
2021-07-26T11:20:37,1000.0,41.4,S
2021-07-26T11:19:45,1600.0,41.4,B
2021-07-26T11:19:29,100.0,41.4,B
2021-07-26T11:18:27,100.0,41.4,B
2021-07-26T11:18:27,4200.0,41.4,B
2021-07-26T11:18:27,5700.0,41.4,B
2021-07-26T11:18:01,100.0,41.35,B
2021-07-26T11:17:57,200.0,41.35,B
2021-07-26T11:17:28,5000.0,41.35,B
2021-07-26T11:17:21,100.0,41.3,S
2021-07-26T11:17:17,200.0,41.35,B
2021-07-26T11:17:06,100.0,41.35,B
2021-07-26T11:16:54,300.0,41.3,S
2021-07-26T11:16:54,1000.0,41.3,S
2021-07-26T11:16:34,1000.0,41.3,S
2021-07-26T11:16:02,100.0,41.3,S
2021-07-26T11:15:22,300.0,41.3,S
2021-07-26T11:15:04,200.0,41.3,S
2021-07-26T11:12:50,1000.0,41.3,S
2021-07-26T11:11:39,100.0,41.35,B
2021-07-26T11:11:06,500.0,41.35,B
2021-07-26T11:10:54,10000.0,41.35,B
2021-07-26T11:09:36,900.0,41.35,B
2021-07-26T11:09:28,1000.0,41.35,B
2021-07-26T11:09:09,1000.0,41.35,B
2021-07-26T11:09:05,300.0,41.3,S
2021-07-26T11:08:08,900.0,41.3,B
2021-07-26T11:08:08,500.0,41.3,B
2021-07-26T11:07:57,1400.0,41.3,B
2021-07-26T11:07:49,100.0,41.3,B
2021-07-26T11:07:38,10000.0,41.3,B
2021-07-26T11:07:27,200.0,41.2,S
2021-07-26T11:07:13,500.0,41.2,S
2021-07-26T11:06:57,100.0,41.2,B
2021-07-26T11:06:35,5000.0,41.2,B
2021-07-26T11:06:07,100.0,41.15,S
2021-07-26T11:06:04,2800.0,41.2,B
2021-07-26T11:05:50,200.0,41.15,S
2021-07-26T11:05:04,4000.0,41.15,S
2021-07-26T11:04:33,100.0,41.2,B
2021-07-26T11:03:52,200.0,41.2,B
2021-07-26T11:02:48,200.0,41.2,B
2021-07-26T11:01:59,100.0,41.2,B
2021-07-26T11:00:58,800.0,41.2,B
2021-07-26T11:00:51,500.0,41.15,S
2021-07-26T11:00:49,5000.0,41.15,S
2021-07-26T11:00:39,100.0,41.2,B
2021-07-26T11:00:20,3000.0,41.2,B
2021-07-26T11:00:19,200.0,41.15,S
2021-07-26T11:00:03,500.0,41.2,B
2021-07-26T10:59:57,100.0,41.15,S
2021-07-26T10:59:50,300.0,41.2,B
2021-07-26T10:58:46,4900.0,41.15,S
2021-07-26T10:58:46,100.0,41.2,S
2021-07-26T10:58:15,100.0,41.2,B
2021-07-26T10:56:39,1500.0,41.15,S
2021-07-26T10:56:34,9900.0,41.2,S
2021-07-26T10:55:41,1500.0,41.2,S
2021-07-26T10:54:00,100.0,41.35,B
2021-07-26T10:53:36,500.0,41.35,S
2021-07-26T10:53:18,200.0,41.35,S
2021-07-26T10:53:01,500.0,41.35,S
2021-07-26T10:52:58,600.0,41.4,B
2021-07-26T10:52:25,3700.0,41.2,S
2021-07-26T10:52:25,300.0,41.35,S
2021-07-26T10:52:25,200.0,41.35,S
2021-07-26T10:52:10,5000.0,41.4,B
2021-07-26T10:51:01,500.0,41.35,S
2021-07-26T10:50:42,1300.0,41.3,B
2021-07-26T10:50:39,4700.0,41.3,S
2021-07-26T10:50:16,200.0,41.35,B
2021-07-26T10:50:04,300.0,41.35,B
2021-07-26T10:49:45,500.0,41.35,S
2021-07-26T10:49:31,1000.0,41.4,B
2021-07-26T10:49:12,1800.0,41.35,S
2021-07-26T10:48:44,500.0,41.4,B
2021-07-26T10:48:08,500.0,41.35,S
2021-07-26T10:47:49,200.0,41.4,B
2021-07-26T10:47:42,800.0,41.4,B
2021-07-26T10:47:28,8400.0,41.35,B
2021-07-26T10:47:19,100.0,41.25,S
2021-07-26T10:47:07,1000.0,41.35,B
2021-07-26T10:47:04,300.0,41.35,B
2021-07-26T10:47:00,2000.0,41.35,B
2021-07-26T10:46:54,200.0,41.35,B
2021-07-26T10:46:42,8100.0,41.35,B
2021-07-26T10:46:42,100.0,41.35,B
2021-07-26T10:46:42,1800.0,41.35,B
2021-07-26T10:46:41,1200.0,41.35,B
2021-07-26T10:46:41,2200.0,41.25,S
2021-07-26T10:46:41,400.0,41.25,S
2021-07-26T10:46:41,7400.0,41.25,S
2021-07-26T10:46:26,100.0,41.3,S
2021-07-26T10:46:20,600.0,41.3,B
2021-07-26T10:46:20,100.0,41.3,B
2021-07-26T10:46:16,1200.0,41.3,B
2021-07-26T10:46:15,1500.0,41.3,B
2021-07-26T10:46:03,400.0,41.25,S
2021-07-26T10:45:57,4100.0,41.25,B
2021-07-26T10:45:55,300.0,41.25,B
2021-07-26T10:45:49,3600.0,41.25,B
2021-07-26T10:45:45,2000.0,41.25,B
2021-07-26T10:45:42,2900.0,41.2,S
2021-07-26T10:45:42,100.0,41.2,S
2021-07-26T10:45:41,100.0,41.25,B
2021-07-26T10:45:30,300.0,41.2,B
2021-07-26T10:45:30,800.0,41.2,B
2021-07-26T10:45:29,100.0,41.2,B
2021-07-26T10:45:25,500.0,41.2,B
2021-07-26T10:45:23,1800.0,41.2,B
2021-07-26T10:45:18,700.0,41.2,B
2021-07-26T10:45:13,500.0,41.2,B
2021-07-26T10:45:08,600.0,41.2,S
2021-07-26T10:45:06,300.0,41.2,S
2021-07-26T10:45:02,600.0,41.2,B
2021-07-26T10:44:59,3500.0,41.2,B
2021-07-26T10:44:59,10000.0,41.2,B
2021-07-26T10:44:55,200.0,41.15,S
2021-07-26T10:44:46,400.0,41.15,B
2021-07-26T10:44:42,100.0,41.15,S
2021-07-26T10:44:29,100.0,41.15,B
2021-07-26T10:44:26,200.0,41.1,S
2021-07-26T10:44:26,3800.0,41.1,S
2021-07-26T10:44:23,100.0,41.1,S
2021-07-26T10:44:00,100.0,41.1,B
2021-07-26T10:44:00,2000.0,41.1,B
2021-07-26T10:43:37,1000.0,41.1,B
2021-07-26T10:43:30,1200.0,41.05,S
2021-07-26T10:43:30,1200.0,41.05,S
2021-07-26T10:43:29,300.0,41.05,S
2021-07-26T10:43:19,500.0,41.05,S
2021-07-26T10:43:19,200.0,41.05,S
2021-07-26T10:43:15,200.0,41.1,B
2021-07-26T10:42:24,8000.0,41.05,S
2021-07-26T10:42:23,100.0,41.05,S
2021-07-26T10:42:23,500.0,41.05,S
2021-07-26T10:42:22,1500.0,41.05,S
2021-07-26T10:42:08,10000.0,41.05,S
2021-07-26T10:41:41,2000.0,41.05,S
2021-07-26T10:40:50,500.0,41.2,B
2021-07-26T10:40:50,9300.0,41.05,S
2021-07-26T10:40:50,3300.0,41.05,S
2021-07-26T10:40:50,2000.0,41.1,S
2021-07-26T10:40:50,400.0,41.1,S
2021-07-26T10:40:21,500.0,41.2,B
2021-07-26T10:39:42,100.0,41.1,S
2021-07-26T10:39:42,900.0,41.1,S
2021-07-26T10:39:42,12700.0,41.1,S
2021-07-26T10:39:42,1000.0,41.1,S
2021-07-26T10:39:29,1000.0,41.2,B
2021-07-26T10:39:26,600.0,41.2,S
2021-07-26T10:39:24,1000.0,41.2,S
2021-07-26T10:39:19,500.0,41.2,S
2021-07-26T10:38:56,300.0,41.2,S
2021-07-26T10:38:56,400.0,41.2,S
2021-07-26T10:38:56,500.0,41.2,S
2021-07-26T10:38:55,500.0,41.2,S
2021-07-26T10:38:49,500.0,41.2,S
2021-07-26T10:38:41,1900.0,41.2,S
2021-07-26T10:38:41,100.0,41.2,S
2021-07-26T10:38:40,500.0,41.2,S
2021-07-26T10:38:40,300.0,41.2,S
2021-07-26T10:38:35,100.0,41.2,S
2021-07-26T10:38:29,200.0,41.2,S
2021-07-26T10:38:26,2800.0,41.2,S
2021-07-26T10:38:15,500.0,41.2,S
2021-07-26T10:38:08,1000.0,41.2,S
2021-07-26T10:37:51,100.0,41.25,S
2021-07-26T10:37:42,2000.0,41.25,S
2021-07-26T10:37:30,100.0,41.25,S
2021-07-26T10:36:24,100.0,41.3,B
2021-07-26T10:35:55,200.0,41.3,B
2021-07-26T10:35:38,1100.0,41.3,B
2021-07-26T10:35:18,2200.0,41.3,S
2021-07-26T10:34:52,100.0,41.35,B
2021-07-26T10:34:41,500.0,41.35,B
2021-07-26T10:34:09,100.0,41.35,B
2021-07-26T10:34:02,2900.0,41.35,B
2021-07-26T10:34:00,800.0,41.3,S
2021-07-26T10:33:41,800.0,41.35,S
2021-07-26T10:33:31,200.0,41.35,S
2021-07-26T10:33:25,100.0,41.35,S
2021-07-26T10:33:15,400.0,41.35,S
2021-07-26T10:33:12,200.0,41.35,S
2021-07-26T10:33:10,100.0,41.35,S
2021-07-26T10:33:09,200.0,41.35,S
2021-07-26T10:33:07,700.0,41.35,S
2021-07-26T10:32:57,100.0,41.35,S
2021-07-26T10:32:50,1000.0,41.35,S
2021-07-26T10:32:36,100.0,41.35,S
2021-07-26T10:32:35,100.0,41.4,B
2021-07-26T10:31:22,200.0,41.4,B
2021-07-26T10:31:20,100.0,41.4,B
2021-07-26T10:30:41,100.0,41.4,B
2021-07-26T10:30:35,100.0,41.35,S
2021-07-26T10:30:27,500.0,41.4,B
2021-07-26T10:30:26,100.0,41.4,B
2021-07-26T10:30:12,100.0,41.4,B
2021-07-26T10:29:44,100.0,41.4,B
2021-07-26T10:29:42,200.0,41.35,S
2021-07-26T10:29:34,5000.0,41.35,S
2021-07-26T10:29:30,1000.0,41.35,S
2021-07-26T10:29:25,200.0,41.35,S
2021-07-26T10:29:08,100.0,41.4,B
2021-07-26T10:28:39,100.0,41.4,S
2021-07-26T10:28:30,100.0,41.5,B
2021-07-26T10:28:06,2700.0,41.5,S
2021-07-26T10:28:06,5000.0,41.5,S
2021-07-26T10:28:05,100.0,41.5,S
2021-07-26T10:27:59,1500.0,41.5,S
2021-07-26T10:27:46,100.0,41.5,S
2021-07-26T10:27:32,100.0,41.5,S
2021-07-26T10:27:31,100.0,41.5,S
2021-07-26T10:27:30,100.0,41.5,S
2021-07-26T10:27:27,200.0,41.5,S
2021-07-26T10:27:10,500.0,41.5,S
2021-07-26T10:27:02,1000.0,41.5,S
2021-07-26T10:27:00,5000.0,41.55,B
2021-07-26T10:26:57,500.0,41.5,S
2021-07-26T10:26:51,100.0,41.5,S
2021-07-26T10:26:28,8400.0,41.55,S
2021-07-26T10:26:27,1600.0,41.55,S
2021-07-26T10:26:11,500.0,41.55,B
2021-07-26T10:26:06,700.0,41.55,B
2021-07-26T10:24:44,2600.0,41.6,B
2021-07-26T10:24:30,100.0,41.55,B
2021-07-26T10:24:10,300.0,41.5,S
2021-07-26T10:23:58,100.0,41.5,S
2021-07-26T10:23:57,6000.0,41.5,S
2021-07-26T10:23:47,300.0,41.55,B
2021-07-26T10:23:29,100.0,41.5,S
2021-07-26T10:23:22,100.0,41.5,S
2021-07-26T10:22:59,100.0,41.5,S
2021-07-26T10:22:45,5000.0,41.6,B
2021-07-26T10:22:36,2500.0,41.6,B
2021-07-26T10:22:26,9000.0,41.5,S
2021-07-26T10:22:19,100.0,41.5,S
2021-07-26T10:22:18,4000.0,41.5,S
2021-07-26T10:22:07,100.0,41.5,S
2021-07-26T10:21:57,100.0,41.5,S
2021-07-26T10:20:44,100.0,41.5,S
2021-07-26T10:20:43,500.0,41.5,S
2021-07-26T10:20:27,5000.0,41.6,B
2021-07-26T10:20:26,300.0,41.5,S
2021-07-26T10:20:07,1600.0,41.5,B
2021-07-26T10:20:07,400.0,41.5,B
2021-07-26T10:20:07,1800.0,41.5,B
2021-07-26T10:20:07,200.0,41.5,B
2021-07-26T10:20:07,1800.0,41.5,B
2021-07-26T10:19:59,100.0,41.5,B
2021-07-26T10:19:48,200.0,41.5,B
2021-07-26T10:19:44,300.0,41.5,B
2021-07-26T10:19:38,1000.0,41.5,B
2021-07-26T10:19:21,5000.0,41.5,B
2021-07-26T10:18:54,600.0,41.5,B
2021-07-26T10:18:50,100.0,41.5,B
2021-07-26T10:18:29,1700.0,41.5,B
2021-07-26T10:18:27,3900.0,41.5,B
2021-07-26T10:18:27,1900.0,41.5,B
2021-07-26T10:18:27,4200.0,41.5,B
2021-07-26T10:17:55,500.0,41.5,B
2021-07-26T10:17:55,500.0,41.4,B
2021-07-26T10:17:48,100.0,41.35,S
2021-07-26T10:17:23,4900.0,41.35,S
2021-07-26T10:17:17,5000.0,41.35,B
2021-07-26T10:17:01,1000.0,41.35,B
2021-07-26T10:16:57,100.0,41.3,S
2021-07-26T10:16:36,500.0,41.3,S
2021-07-26T10:16:17,100.0,41.3,S
2021-07-26T10:15:59,3000.0,41.25,S
2021-07-26T10:15:52,400.0,41.3,S
2021-07-26T10:15:48,100.0,41.3,B
2021-07-26T10:15:36,200.0,41.25,S
2021-07-26T10:15:36,3800.0,41.3,S
2021-07-26T10:15:35,200.0,41.3,B
2021-07-26T10:15:35,2000.0,41.3,B
2021-07-26T10:15:34,1000.0,41.3,B
2021-07-26T10:15:24,500.0,41.3,B
2021-07-26T10:15:13,100.0,41.25,S
2021-07-26T10:14:51,1300.0,41.25,S
2021-07-26T10:14:51,100.0,41.25,B
2021-07-26T10:14:51,400.0,41.25,B
2021-07-26T10:14:36,100.0,41.25,B
2021-07-26T10:14:31,2000.0,41.25,B
2021-07-26T10:14:06,1000.0,41.25,B
2021-07-26T10:13:58,600.0,41.25,B
2021-07-26T10:13:12,900.0,41.25,B
2021-07-26T10:12:56,1500.0,41.2,S
2021-07-26T10:12:51,100.0,41.2,S
2021-07-26T10:12:50,200.0,41.2,S
2021-07-26T10:12:30,5700.0,41.2,B
2021-07-26T10:12:26,200.0,41.2,B
2021-07-26T10:12:21,2000.0,41.1,S
2021-07-26T10:12:19,100.0,41.1,S
2021-07-26T10:12:16,500.0,41.1,S
2021-07-26T10:12:00,1000.0,41.2,B
2021-07-26T10:11:50,100.0,41.1,S
2021-07-26T10:11:43,200.0,41.2,B
2021-07-26T10:11:39,200.0,41.1,S
2021-07-26T10:11:19,500.0,41.05,S
2021-07-26T10:11:00,500.0,41.05,S
2021-07-26T10:10:55,700.0,41.2,B
2021-07-26T10:10:39,1000.0,41.2,B
2021-07-26T10:10:38,100.0,41.1,B
2021-07-26T10:10:23,1400.0,41.1,S
2021-07-26T10:10:10,10000.0,41.1,S
2021-07-26T10:10:05,300.0,41.15,S
2021-07-26T10:10:02,100.0,41.15,B
2021-07-26T10:09:01,500.0,41.1,S
2021-07-26T10:08:58,600.0,41.1,S
2021-07-26T10:08:56,600.0,41.1,B
2021-07-26T10:08:46,800.0,41.1,S
2021-07-26T10:08:45,200.0,41.1,S
2021-07-26T10:08:10,100.0,41.1,S
2021-07-26T10:08:07,500.0,41.2,B
2021-07-26T10:07:56,1000.0,41.1,B
2021-07-26T10:07:52,300.0,41.1,B
2021-07-26T10:07:37,2000.0,41.1,B
2021-07-26T10:07:35,2200.0,41.1,S
2021-07-26T10:06:54,800.0,41.2,S
2021-07-26T10:06:47,400.0,41.2,S
2021-07-26T10:06:46,100.0,41.2,S
2021-07-26T10:06:40,200.0,41.2,S
2021-07-26T10:06:37,2000.0,41.2,S
2021-07-26T10:06:15,200.0,41.2,S
2021-07-26T10:06:00,100.0,41.3,S
2021-07-26T10:05:59,200.0,41.3,S
2021-07-26T10:05:52,600.0,41.3,S
2021-07-26T10:05:44,500.0,41.2,S
2021-07-26T10:05:25,400.0,41.3,S
2021-07-26T10:05:06,900.0,41.3,B
2021-07-26T10:05:00,100.0,41.3,B
2021-07-26T10:04:52,2300.0,41.3,B
2021-07-26T10:04:06,200.0,41.3,S
2021-07-26T10:03:41,800.0,41.2,S
2021-07-26T10:03:29,200.0,41.5,B
2021-07-26T10:03:24,500.0,41.5,B
2021-07-26T10:03:24,3500.0,41.45,B
2021-07-26T10:03:22,200.0,41.2,B
2021-07-26T10:03:21,1500.0,41.2,B
2021-07-26T10:03:19,600.0,41.2,S
2021-07-26T10:03:14,200.0,41.3,B
2021-07-26T10:03:03,500.0,41.3,B
2021-07-26T10:03:02,400.0,41.3,B
2021-07-26T10:03:00,1400.0,41.2,S
2021-07-26T10:02:57,4000.0,41.3,B
2021-07-26T10:02:52,2400.0,41.2,B
2021-07-26T10:02:41,1000.0,41.2,B
2021-07-26T10:02:39,500.0,41.2,B
2021-07-26T10:02:31,100.0,41.2,B
2021-07-26T10:02:29,100.0,41.0,S
2021-07-26T10:02:26,2100.0,41.0,S
2021-07-26T10:02:19,200.0,41.0,S
2021-07-26T10:02:17,200.0,41.0,S
2021-07-26T10:02:13,300.0,41.0,S
2021-07-26T10:02:08,100.0,41.0,S
2021-07-26T10:02:02,5000.0,41.0,B
2021-07-26T10:02:02,3300.0,41.0,B
2021-07-26T10:01:59,100.0,40.9,B
2021-07-26T10:01:50,2000.0,41.0,B
2021-07-26T10:01:49,200.0,41.0,B
2021-07-26T10:01:49,1600.0,41.0,B
2021-07-26T10:01:48,4300.0,40.8,S
2021-07-26T10:01:48,500.0,41.0,B
2021-07-26T10:01:48,2000.0,40.8,S
2021-07-26T10:01:46,100.0,41.0,B
2021-07-26T10:01:44,500.0,40.9,S
2021-07-26T10:01:37,200.0,41.0,B
2021-07-26T10:01:36,1000.0,41.0,S
2021-07-26T10:01:32,6100.0,41.0,S
2021-07-26T10:01:32,10300.0,41.0,S
2021-07-26T10:01:31,3500.0,41.0,S
2021-07-26T10:01:31,100.0,41.0,S
2021-07-26T10:01:25,400.0,41.2,B
2021-07-26T10:01:24,100.0,41.0,S
2021-07-26T10:01:24,4900.0,41.0,S
2021-07-26T10:01:15,2100.0,41.2,B
2021-07-26T10:01:07,1000.0,41.2,S
2021-07-26T10:01:04,200.0,41.35,S
2021-07-26T10:00:53,100.0,41.35,S
2021-07-26T10:00:49,1000.0,41.5,B
2021-07-26T10:00:48,900.0,41.4,B
2021-07-26T10:00:45,300.0,41.4,S
2021-07-26T10:00:35,200.0,41.5,B
2021-07-26T10:00:32,100.0,41.5,S
2021-07-26T10:00:32,4400.0,41.5,S
2021-07-26T10:00:31,1000.0,41.5,S
2021-07-26T10:00:30,7000.0,41.5,S
2021-07-26T10:00:29,1000.0,41.6,B
2021-07-26T10:00:24,5000.0,41.7,B
2021-07-26T10:00:22,400.0,41.55,S
2021-07-26T10:00:22,2100.0,41.55,S
2021-07-26T10:00:15,3000.0,41.65,B
2021-07-26T10:00:11,100.0,41.6,B
2021-07-26T10:00:05,200.0,41.6,S
2021-07-26T10:00:00,700.0,41.6,B
2021-07-26T09:59:54,300.0,41.6,S
2021-07-26T09:59:51,700.0,41.6,S
2021-07-26T09:59:51,2300.0,41.6,S
2021-07-26T09:59:42,200.0,41.6,S
2021-07-26T09:59:36,500.0,41.65,B
2021-07-26T09:59:32,500.0,41.6,S
2021-07-26T09:59:31,100.0,41.65,B
2021-07-26T09:59:28,700.0,41.7,S
2021-07-26T09:59:20,500.0,41.6,S
2021-07-26T09:59:10,5000.0,41.75,B
2021-07-26T09:59:01,2000.0,41.7,B
2021-07-26T09:58:59,100.0,41.7,S
2021-07-26T09:58:57,1000.0,41.7,S
2021-07-26T09:58:56,2400.0,41.7,B
2021-07-26T09:58:53,100.0,41.7,B
2021-07-26T09:58:49,600.0,41.7,S
2021-07-26T09:58:48,100.0,41.7,S
2021-07-26T09:58:45,3000.0,41.7,S
2021-07-26T09:58:37,500.0,41.7,S
2021-07-26T09:58:31,500.0,41.7,S
2021-07-26T09:58:27,1100.0,41.7,S
2021-07-26T09:58:24,3000.0,41.7,S
2021-07-26T09:58:22,1000.0,41.7,S
2021-07-26T09:58:20,100.0,41.75,B
2021-07-26T09:58:20,300.0,41.75,B
2021-07-26T09:58:18,200.0,41.75,B
2021-07-26T09:58:18,500.0,41.7,S
2021-07-26T09:58:17,400.0,41.7,S
2021-07-26T09:58:11,5000.0,41.75,B
2021-07-26T09:58:01,200.0,41.7,S
2021-07-26T09:57:59,1000.0,41.7,S
2021-07-26T09:57:58,100.0,41.75,B
2021-07-26T09:57:58,200.0,41.75,B
2021-07-26T09:57:58,1700.0,41.75,B
2021-07-26T09:57:58,1000.0,41.75,B
2021-07-26T09:57:54,500.0,41.7,S
2021-07-26T09:57:51,100.0,41.75,B
2021-07-26T09:57:45,3000.0,41.75,B
2021-07-26T09:57:45,1000.0,41.6,B
2021-07-26T09:57:44,2400.0,41.6,S
2021-07-26T09:57:43,1600.0,41.75,B
2021-07-26T09:57:41,500.0,41.6,S
2021-07-26T09:57:39,1000.0,41.75,B
2021-07-26T09:57:35,1200.0,41.6,S
2021-07-26T09:57:31,200.0,41.65,B
2021-07-26T09:57:27,200.0,41.75,B
2021-07-26T09:57:27,300.0,41.6,S
2021-07-26T09:57:24,200.0,41.75,B
2021-07-26T09:57:22,200.0,41.65,S
2021-07-26T09:57:20,1000.0,41.75,B
2021-07-26T09:57:18,1000.0,41.75,B
2021-07-26T09:57:17,3000.0,41.75,B
2021-07-26T09:57:00,2000.0,41.75,B
2021-07-26T09:56:59,5000.0,41.75,B
2021-07-26T09:56:58,400.0,41.75,S
2021-07-26T09:56:58,2200.0,41.75,S
2021-07-26T09:56:58,9000.0,41.75,S
2021-07-26T09:56:48,200.0,41.85,B
2021-07-26T09:56:47,100.0,41.8,S
2021-07-26T09:56:46,100.0,41.8,S
2021-07-26T09:56:46,1000.0,41.8,S
2021-07-26T09:56:44,500.0,41.8,S
2021-07-26T09:56:44,500.0,41.8,S
2021-07-26T09:56:40,100.0,41.8,S
2021-07-26T09:56:39,400.0,41.8,B
2021-07-26T09:56:37,100.0,41.75,S
2021-07-26T09:56:37,200.0,41.8,B
2021-07-26T09:56:36,500.0,41.8,B
2021-07-26T09:56:31,2000.0,41.8,B
2021-07-26T09:56:30,1100.0,41.75,S
2021-07-26T09:56:25,100.0,41.75,S
2021-07-26T09:56:22,1000.0,41.8,B
2021-07-26T09:56:20,3000.0,41.8,B
2021-07-26T09:56:15,4000.0,41.8,B
2021-07-26T09:56:12,500.0,41.8,B
2021-07-26T09:56:10,100.0,41.75,S
2021-07-26T09:56:06,1700.0,41.75,B
2021-07-26T09:56:06,1000.0,41.6,S
2021-07-26T09:56:06,1000.0,41.75,B
2021-07-26T09:56:06,300.0,41.75,B
2021-07-26T09:56:06,300.0,41.75,B
2021-07-26T09:56:06,5000.0,41.75,B
2021-07-26T09:56:06,200.0,41.6,S
2021-07-26T09:56:04,200.0,41.75,B
2021-07-26T09:56:01,7000.0,41.75,B
2021-07-26T09:55:59,1000.0,41.75,B
2021-07-26T09:55:58,400.0,41.75,B
2021-07-26T09:55:44,2000.0,41.75,B
2021-07-26T09:55:42,2000.0,41.75,B
2021-07-26T09:55:41,200.0,41.5,S
2021-07-26T09:55:39,200.0,41.5,S
2021-07-26T09:55:39,1000.0,41.6,B
2021-07-26T09:55:38,300.0,41.45,S
2021-07-26T09:55:38,1900.0,41.5,B
2021-07-26T09:55:36,1000.0,41.5,B
2021-07-26T09:55:35,1000.0,41.5,B
2021-07-26T09:55:34,1500.0,41.5,B
2021-07-26T09:55:34,500.0,41.5,B
2021-07-26T09:55:33,900.0,41.5,B
2021-07-26T09:55:31,1300.0,41.5,B
2021-07-26T09:55:31,100.0,41.5,B
2021-07-26T09:55:31,2600.0,41.5,B
2021-07-26T09:55:30,100.0,41.45,S
2021-07-26T09:55:30,1000.0,41.5,B
2021-07-26T09:55:30,1000.0,41.5,B
2021-07-26T09:55:29,1000.0,41.5,B
2021-07-26T09:55:26,2000.0,41.5,B
2021-07-26T09:55:24,1000.0,41.5,B
2021-07-26T09:55:23,100.0,41.45,S
2021-07-26T09:55:23,500.0,41.5,B
2021-07-26T09:55:20,900.0,41.5,B
2021-07-26T09:55:17,200.0,41.35,S
2021-07-26T09:55:12,500.0,41.45,B
2021-07-26T09:55:11,10000.0,41.4,B
2021-07-26T09:55:07,100.0,41.35,S
2021-07-26T09:54:58,100.0,41.35,B
2021-07-26T09:54:58,700.0,41.35,B
2021-07-26T09:54:58,500.0,41.35,B
2021-07-26T09:54:56,10000.0,41.35,B
2021-07-26T09:54:51,200.0,41.35,B
2021-07-26T09:54:48,200.0,41.25,S
2021-07-26T09:54:48,3000.0,41.35,B
2021-07-26T09:54:47,100.0,41.25,B
2021-07-26T09:54:41,1000.0,41.0,S
2021-07-26T09:54:41,4000.0,41.35,B
2021-07-26T09:54:36,200.0,41.25,B
2021-07-26T09:54:31,400.0,41.25,B
2021-07-26T09:54:31,200.0,41.2,B
2021-07-26T09:54:31,400.0,41.2,B
2021-07-26T09:54:30,3300.0,41.0,S
2021-07-26T09:54:30,100.0,41.0,B
2021-07-26T09:54:29,1100.0,41.0,B
2021-07-26T09:54:29,600.0,41.0,B
2021-07-26T09:54:29,4000.0,41.0,B
2021-07-26T09:54:28,2000.0,41.0,B
2021-07-26T09:54:27,1000.0,41.0,B
2021-07-26T09:54:26,100.0,41.0,B
2021-07-26T09:54:25,200.0,41.0,B
2021-07-26T09:54:23,500.0,41.0,B
2021-07-26T09:54:22,200.0,41.0,B
2021-07-26T09:54:20,2000.0,41.0,B
2021-07-26T09:54:20,5000.0,41.0,B
2021-07-26T09:54:19,1300.0,41.0,B
2021-07-26T09:54:19,4700.0,41.0,B
2021-07-26T09:54:18,400.0,41.0,B
2021-07-26T09:54:16,400.0,41.0,B
2021-07-26T09:54:16,500.0,40.9,S
2021-07-26T09:54:14,8300.0,41.0,B
2021-07-26T09:54:14,500.0,41.0,B
2021-07-26T09:54:14,100.0,41.0,B
2021-07-26T09:54:14,600.0,41.0,B
2021-07-26T09:54:14,200.0,41.0,B
2021-07-26T09:54:14,900.0,41.0,B
2021-07-26T09:54:14,13500.0,41.0,B
2021-07-26T09:54:14,2000.0,41.0,B
2021-07-26T09:54:14,2200.0,41.0,B
2021-07-26T09:54:14,2100.0,41.0,B
2021-07-26T09:54:14,1200.0,41.0,B
2021-07-26T09:54:14,1900.0,41.0,B
2021-07-26T09:54:14,16500.0,41.0,B
2021-07-26T09:54:14,700.0,40.9,S
2021-07-26T09:54:14,1000.0,40.9,S
2021-07-26T09:54:10,800.0,40.9,S
2021-07-26T09:54:09,3000.0,41.0,B
2021-07-26T09:54:07,500.0,41.0,B
2021-07-26T09:54:02,200.0,40.9,S
2021-07-26T09:54:01,400.0,40.9,S
2021-07-26T09:53:54,100.0,40.9,S
2021-07-26T09:53:53,1000.0,40.85,S
2021-07-26T09:53:53,1500.0,40.85,S
2021-07-26T09:53:53,1500.0,40.9,S
2021-07-26T09:53:50,12500.0,40.9,B
2021-07-26T09:53:50,3000.0,40.9,B
2021-07-26T09:53:50,900.0,40.85,S
2021-07-26T09:53:48,900.0,40.9,B
2021-07-26T09:53:45,1800.0,40.9,B
2021-07-26T09:53:42,1000.0,40.9,B
2021-07-26T09:53:42,2000.0,40.9,B
2021-07-26T09:53:40,200.0,40.85,S
2021-07-26T09:53:34,100.0,40.85,B
2021-07-26T09:53:26,2700.0,40.8,B
2021-07-26T09:53:26,2000.0,40.8,B
2021-07-26T09:53:26,1300.0,40.8,B
2021-07-26T09:53:25,300.0,40.8,B
2021-07-26T09:53:17,1000.0,40.8,B
2021-07-26T09:53:16,500.0,40.8,B
2021-07-26T09:53:15,2000.0,40.8,B
2021-07-26T09:53:13,700.0,40.75,B
2021-07-26T09:53:11,100.0,40.75,B
2021-07-26T09:53:04,2000.0,40.75,B
2021-07-26T09:52:59,200.0,40.7,B
2021-07-26T09:52:58,500.0,40.6,B
2021-07-26T09:52:56,100.0,40.6,B
2021-07-26T09:52:56,1000.0,40.6,B
2021-07-26T09:52:55,4300.0,40.6,B
2021-07-26T09:52:53,100.0,40.6,B
2021-07-26T09:52:45,500.0,40.6,B
2021-07-26T09:52:39,1500.0,40.6,B
2021-07-26T09:52:39,700.0,40.5,B
2021-07-26T09:52:39,2000.0,40.5,B
2021-07-26T09:52:36,1200.0,40.5,B
2021-07-26T09:52:31,1000.0,40.5,B
2021-07-26T09:52:31,500.0,40.5,B
2021-07-26T09:52:29,800.0,40.5,B
2021-07-26T09:52:28,1700.0,40.5,B
2021-07-26T09:52:28,100.0,40.5,B
2021-07-26T09:52:28,2300.0,40.5,B
2021-07-26T09:52:28,4500.0,40.5,B
2021-07-26T09:52:28,1400.0,40.5,B
2021-07-26T09:52:28,2000.0,40.5,B
2021-07-26T09:52:24,200.0,40.5,B
2021-07-26T09:52:24,1200.0,40.5,B
2021-07-26T09:52:23,300.0,40.5,B
2021-07-26T09:52:22,500.0,40.5,B
2021-07-26T09:52:22,100.0,40.5,B
2021-07-26T09:52:20,100.0,40.5,B
2021-07-26T09:52:20,6000.0,40.5,B
2021-07-26T09:52:20,14000.0,40.5,B
2021-07-26T09:52:19,400.0,40.5,B
2021-07-26T09:52:16,2000.0,40.5,B
2021-07-26T09:52:13,100.0,40.5,B
2021-07-26T09:52:09,100.0,40.5,B
2021-07-26T09:52:08,1100.0,40.5,B
2021-07-26T09:52:08,1400.0,40.5,B
2021-07-26T09:52:08,100.0,40.5,B
2021-07-26T09:52:08,2400.0,40.5,B
2021-07-26T09:52:02,3000.0,40.5,B
2021-07-26T09:52:01,1600.0,40.5,B
2021-07-26T09:51:52,6000.0,40.5,B
2021-07-26T09:51:51,600.0,40.35,S
2021-07-26T09:51:48,400.0,40.35,B
2021-07-26T09:51:44,300.0,40.35,B
2021-07-26T09:51:41,300.0,40.35,B
2021-07-26T09:51:35,1000.0,40.35,S
2021-07-26T09:51:34,200.0,40.4,B
2021-07-26T09:51:29,2000.0,40.3,S
2021-07-26T09:51:11,500.0,40.35,B
2021-07-26T09:51:11,500.0,40.35,B
2021-07-26T09:51:09,3000.0,40.3,B
2021-07-26T09:51:05,300.0,40.3,B
2021-07-26T09:51:05,2500.0,40.3,B
2021-07-26T09:51:05,100.0,40.3,B
2021-07-26T09:51:05,3000.0,40.3,B
2021-07-26T09:51:02,4400.0,40.25,S
2021-07-26T09:51:02,3000.0,40.3,B
2021-07-26T09:51:00,400.0,40.3,B
2021-07-26T09:51:00,2000.0,40.3,B
2021-07-26T09:51:00,16000.0,40.3,B
2021-07-26T09:51:00,2500.0,40.3,B
2021-07-26T09:51:00,200.0,40.3,B
2021-07-26T09:51:00,1700.0,40.3,B
2021-07-26T09:50:36,5200.0,40.25,B
2021-07-26T09:50:29,3800.0,40.25,B
2021-07-26T09:50:19,100.0,40.25,B
2021-07-26T09:49:55,200.0,40.2,S
2021-07-26T09:49:47,2000.0,40.2,B
2021-07-26T09:49:47,800.0,40.2,B
2021-07-26T09:49:47,3500.0,40.2,B
2021-07-26T09:49:47,12000.0,40.2,B
2021-07-26T09:49:47,5700.0,40.2,B
2021-07-26T09:49:47,5900.0,40.2,B
2021-07-26T09:49:47,200.0,40.2,B
2021-07-26T09:49:47,10900.0,40.2,B
2021-07-26T09:49:47,300.0,40.1,S
2021-07-26T09:49:36,1000.0,40.1,S
2021-07-26T09:49:25,3900.0,40.1,B
2021-07-26T09:49:22,500.0,40.1,B
2021-07-26T09:49:22,2500.0,40.1,B
2021-07-26T09:49:18,1000.0,40.1,B
2021-07-26T09:49:14,1500.0,40.1,B
2021-07-26T09:49:13,4800.0,40.1,B
2021-07-26T09:49:13,200.0,40.1,B
2021-07-26T09:49:06,6000.0,40.05,S
2021-07-26T09:49:05,100.0,40.1,B
2021-07-26T09:49:05,400.0,40.1,B
2021-07-26T09:49:04,100.0,40.1,B
2021-07-26T09:48:59,1000.0,40.1,B
2021-07-26T09:48:44,1300.0,40.1,B
2021-07-26T09:48:42,1000.0,40.1,B
2021-07-26T09:48:41,1000.0,40.05,S
2021-07-26T09:48:34,5000.0,40.1,B
2021-07-26T09:48:30,400.0,40.1,B
2021-07-26T09:48:30,100.0,40.1,B
2021-07-26T09:48:23,1500.0,40.1,B
2021-07-26T09:48:17,100.0,40.1,B
2021-07-26T09:48:13,2000.0,40.1,B
2021-07-26T09:48:12,600.0,40.1,B
2021-07-26T09:48:12,1900.0,40.1,B
2021-07-26T09:48:04,100.0,40.1,B
2021-07-26T09:48:02,900.0,40.1,B
2021-07-26T09:48:02,5000.0,40.1,B
2021-07-26T09:47:59,200.0,40.1,B
2021-07-26T09:47:55,200.0,40.1,B
2021-07-26T09:47:45,300.0,40.1,B
2021-07-26T09:47:10,1000.0,40.1,B
2021-07-26T09:47:07,100.0,40.1,B
2021-07-26T09:46:56,300.0,40.05,S
2021-07-26T09:46:39,100.0,40.05,S
2021-07-26T09:46:38,1000.0,40.1,B
2021-07-26T09:46:35,1500.0,40.1,B
2021-07-26T09:46:31,400.0,40.05,S
2021-07-26T09:46:17,500.0,40.05,B
2021-07-26T09:45:07,2000.0,40.0,S
2021-07-26T09:45:06,400.0,40.0,B
2021-07-26T09:45:06,5300.0,40.0,B
2021-07-26T09:45:06,1600.0,40.0,B
2021-07-26T09:45:06,1100.0,40.0,B
2021-07-26T09:45:06,4400.0,40.0,B
2021-07-26T09:44:50,500.0,39.95,S
2021-07-26T09:44:49,200.0,40.0,B
2021-07-26T09:44:20,3000.0,39.95,B
2021-07-26T09:44:19,500.0,39.95,B
2021-07-26T09:44:09,1000.0,39.9,S
2021-07-26T09:43:55,5000.0,39.95,B
2021-07-26T09:43:46,500.0,39.95,B
2021-07-26T09:43:44,500.0,39.9,S
2021-07-26T09:43:41,3000.0,39.9,S
2021-07-26T09:43:18,100.0,39.9,S
2021-07-26T09:43:11,200.0,39.9,S
2021-07-26T09:43:09,3000.0,39.95,B
2021-07-26T09:43:08,8800.0,39.9,S
2021-07-26T09:43:06,4000.0,39.9,B
2021-07-26T09:43:04,1000.0,39.9,B
2021-07-26T09:43:03,100.0,39.9,B
2021-07-26T09:43:01,2000.0,39.9,B
2021-07-26T09:43:01,600.0,39.9,B
2021-07-26T09:42:57,1000.0,39.9,B
2021-07-26T09:42:53,1000.0,39.9,B
2021-07-26T09:42:53,400.0,39.9,B
2021-07-26T09:42:44,500.0,39.9,B
2021-07-26T09:42:41,100.0,39.9,B
2021-07-26T09:42:41,700.0,39.9,B
2021-07-26T09:42:30,2800.0,39.9,B
2021-07-26T09:42:26,200.0,39.9,B
2021-07-26T09:42:11,3000.0,39.9,B
2021-07-26T09:41:48,500.0,39.9,B
2021-07-26T09:41:25,100.0,39.9,B
2021-07-26T09:41:18,1000.0,39.85,S
2021-07-26T09:41:10,100.0,39.9,B
2021-07-26T09:41:09,100.0,39.85,B
2021-07-26T09:41:09,900.0,39.85,B
2021-07-26T09:41:09,2700.0,39.85,B
2021-07-26T09:40:57,100.0,39.85,S
2021-07-26T09:40:57,2200.0,39.85,S
2021-07-26T09:40:44,200.0,39.85,S
2021-07-26T09:40:22,200.0,39.9,B
2021-07-26T09:40:18,300.0,39.9,B
2021-07-26T09:40:10,6000.0,39.9,S
2021-07-26T09:40:00,9000.0,39.9,B
2021-07-26T09:39:54,1000.0,39.9,B
2021-07-26T09:39:48,5000.0,39.95,B
2021-07-26T09:39:46,400.0,39.9,S
2021-07-26T09:39:44,2100.0,39.9,B
2021-07-26T09:39:42,27900.0,39.9,B
2021-07-26T09:39:27,2100.0,39.9,B
2021-07-26T09:39:21,2900.0,39.9,S
2021-07-26T09:38:57,300.0,39.9,S
2021-07-26T09:38:57,3000.0,39.9,B
2021-07-26T09:38:37,500.0,39.9,B
2021-07-26T09:38:05,500.0,39.9,S
2021-07-26T09:38:05,1500.0,39.9,S
2021-07-26T09:38:05,3900.0,39.9,S
2021-07-26T09:38:05,600.0,39.9,S
2021-07-26T09:37:51,500.0,39.9,S
2021-07-26T09:37:45,100.0,39.95,B
2021-07-26T09:37:39,1000.0,39.9,S
2021-07-26T09:37:29,900.0,39.9,S
2021-07-26T09:37:22,4000.0,39.9,S
2021-07-26T09:37:18,3100.0,39.95,B
2021-07-26T09:37:12,10000.0,39.9,S
2021-07-26T09:37:09,1000.0,39.95,B
2021-07-26T09:36:41,900.0,39.95,B
2021-07-26T09:36:33,700.0,40.0,B
2021-07-26T09:36:29,500.0,39.95,B
2021-07-26T09:36:23,1400.0,39.95,B
2021-07-26T09:36:12,3000.0,40.0,B
2021-07-26T09:35:44,100.0,40.0,B
2021-07-26T09:35:44,500.0,39.95,S
2021-07-26T09:35:36,100.0,39.95,S
2021-07-26T09:35:33,200.0,39.95,B
2021-07-26T09:35:27,1600.0,39.9,S
2021-07-26T09:35:27,2900.0,39.9,S
2021-07-26T09:35:12,5000.0,39.9,S
2021-07-26T09:35:11,100.0,39.95,S
2021-07-26T09:35:10,500.0,39.95,B
2021-07-26T09:35:01,1000.0,39.9,S
2021-07-26T09:34:58,3000.0,40.0,B
2021-07-26T09:34:51,100.0,40.0,B
2021-07-26T09:34:42,400.0,40.0,B
2021-07-26T09:34:42,600.0,40.0,B
2021-07-26T09:34:36,800.0,40.0,B
2021-07-26T09:34:33,100.0,40.0,B
2021-07-26T09:34:14,100.0,40.0,B
2021-07-26T09:34:13,100.0,40.0,B
2021-07-26T09:33:45,1700.0,40.0,S
2021-07-26T09:33:42,100.0,40.1,B
2021-07-26T09:33:33,1000.0,40.1,B
2021-07-26T09:33:21,1000.0,40.1,B
2021-07-26T09:33:20,6900.0,40.0,S
2021-07-26T09:33:20,100.0,40.0,S
2021-07-26T09:33:20,2000.0,40.0,S
2021-07-26T09:33:12,600.0,40.1,B
2021-07-26T09:33:04,7700.0,40.2,B
2021-07-26T09:33:01,300.0,40.25,B
2021-07-26T09:32:59,100.0,40.2,S
2021-07-26T09:32:49,200.0,40.2,S
2021-07-26T09:32:44,100.0,40.2,S
2021-07-26T09:32:32,100.0,40.2,S
2021-07-26T09:32:32,500.0,40.2,S
2021-07-26T09:32:28,300.0,40.2,S
2021-07-26T09:32:28,200.0,40.2,S
2021-07-26T09:32:25,7300.0,40.2,S
2021-07-26T09:32:25,3600.0,40.2,B
2021-07-26T09:32:21,500.0,40.0,S
2021-07-26T09:32:14,15000.0,40.0,S
2021-07-26T09:32:12,2000.0,40.1,B
2021-07-26T09:32:01,1000.0,40.1,B
2021-07-26T09:31:59,300.0,40.1,B
2021-07-26T09:31:58,1000.0,40.1,B
2021-07-26T09:31:58,1000.0,40.1,B
2021-07-26T09:31:58,7500.0,40.1,S
2021-07-26T09:31:54,3000.0,40.2,B
2021-07-26T09:31:54,500.0,40.1,S
2021-07-26T09:31:53,800.0,40.2,B
2021-07-26T09:31:52,1900.0,40.2,B
2021-07-26T09:31:52,2100.0,40.2,B
2021-07-26T09:31:52,6000.0,40.2,B
2021-07-26T09:31:51,200.0,40.1,S
2021-07-26T09:31:46,400.0,40.2,B
2021-07-26T09:31:46,200.0,40.2,B
2021-07-26T09:31:44,1200.0,40.2,B
2021-07-26T09:31:44,1000.0,40.1,S
2021-07-26T09:31:39,1000.0,40.2,B
2021-07-26T09:31:37,500.0,40.2,B
2021-07-26T09:31:35,19200.0,40.2,B
2021-07-26T09:31:31,100.0,40.2,B
2021-07-26T09:31:27,9100.0,40.2,B
2021-07-26T09:31:27,100.0,40.2,B
2021-07-26T09:31:27,2900.0,40.2,B
2021-07-26T09:31:26,900.0,40.2,B
2021-07-26T09:31:06,3000.0,40.2,B
2021-07-26T09:31:05,1500.0,40.2,B
2021-07-26T09:31:04,1000.0,40.2,B
2021-07-26T09:30:59,1200.0,40.2,B
2021-07-26T09:30:59,800.0,40.2,B
2021-07-26T09:30:56,300.0,40.2,B
2021-07-26T09:30:41,200.0,40.2,B
2021-07-26T09:30:40,1000.0,40.2,B
2021-07-26T09:30:39,8400.0,40.1,B
2021-07-26T09:30:34,2000.0,40.1,B
2021-07-26T09:30:29,5000.0,40.0,B
2021-07-26T09:30:29,1100.0,40.0,B
2021-07-26T09:30:29,4800.0,40.0,B
2021-07-26T09:30:29,200.0,40.0,B
2021-07-26T09:30:28,2600.0,40.0,B
2021-07-26T09:30:28,700.0,40.0,B
2021-07-26T09:30:28,1700.0,40.0,B
2021-07-26T09:30:26,1200.0,40.0,B
2021-07-26T09:30:26,1000.0,40.0,B
2021-07-26T09:30:26,200.0,40.0,B
2021-07-26T09:30:25,1000.0,40.0,B
2021-07-26T09:30:22,2200.0,40.0,B
2021-07-26T09:30:20,1000.0,40.0,B
2021-07-26T09:30:20,200.0,39.9,S
2021-07-26T09:30:16,5000.0,40.0,B
2021-07-26T09:30:16,10000.0,40.0,B
2021-07-26T09:30:16,2000.0,39.9,S
2021-07-26T09:30:15,1000.0,40.0,B
2021-07-26T09:30:14,300.0,40.0,B
2021-07-26T09:30:09,1100.0,40.0,B
2021-07-26T09:30:08,1000.0,40.0,B
2021-07-26T09:30:04,2800.0,40.0,B
2021-07-26T09:30:02,1000.0,40.0,B
2021-07-26T09:30:01,1000.0,39.9,S
2021-07-26T09:29:57,9900.0,39.9,B
2021-07-26T09:29:54,1000.0,39.9,B
2021-07-26T09:29:54,300.0,39.9,B
2021-07-26T09:29:36,4000.0,39.8,S
2021-07-26T09:29:34,1000.0,39.8,B
2021-07-26T09:29:32,2200.0,39.8,B
2021-07-26T09:29:32,300.0,39.8,B
2021-07-26T09:29:30,500.0,39.8,B
2021-07-26T09:29:30,1000.0,39.7,S
2021-07-26T09:29:30,4000.0,39.7,S
2021-07-26T09:29:28,2000.0,39.8,B
2021-07-26T09:29:23,1000.0,39.8,B
2021-07-26T09:29:14,900.0,39.65,S
2021-07-26T09:29:11,5000.0,39.7,S
2021-07-26T09:29:04,3600.0,39.7,B
2021-07-26T09:29:04,3400.0,39.7,B
2021-07-26T09:29:03,600.0,39.7,B
2021-07-26T09:29:02,500.0,39.7,B
2021-07-26T09:29:01,500.0,39.7,B
2021-07-26T09:28:49,400.0,39.65,S
2021-07-26T09:28:42,100.0,39.5,S
2021-07-26T09:28:41,100.0,39.65,B
2021-07-26T09:28:35,300.0,39.65,B
2021-07-26T09:28:29,300.0,39.65,B
2021-07-26T09:28:29,1500.0,39.5,S
2021-07-26T09:28:22,500.0,39.5,B
2021-07-26T09:28:06,800.0,39.4,B
2021-07-26T09:28:03,1000.0,39.4,B
2021-07-26T09:28:03,2000.0,39.4,B
2021-07-26T09:27:58,300.0,39.4,B
2021-07-26T09:27:45,100.0,39.4,B
2021-07-26T09:27:38,2800.0,39.4,B
2021-07-26T09:27:37,300.0,39.4,S
2021-07-26T09:27:29,500.0,39.4,S
2021-07-26T09:27:14,300.0,39.4,S
2021-07-26T09:26:53,500.0,39.4,S
2021-07-26T09:26:21,600.0,39.1,S
2021-07-26T09:26:21,600.0,39.1,S
2021-07-26T09:26:21,200.0,39.2,S
2021-07-26T09:26:21,700.0,39.3,S
2021-07-26T09:26:21,900.0,39.3,S
2021-07-26T09:26:01,100.0,39.7,B
2021-07-26T09:25:58,3000.0,39.35,S
2021-07-26T09:25:52,1600.0,39.4,S
2021-07-26T09:25:43,200.0,39.8,S
2021-07-26T09:25:42,100.0,39.8,S
2021-07-26T09:25:38,300.0,39.9,B
2021-07-26T09:25:38,2300.0,39.9,B
2021-07-26T09:25:33,200.0,39.9,S
2021-07-26T09:25:32,300.0,39.9,S
2021-07-26T09:25:31,500.0,39.9,S
2021-07-26T09:25:28,100.0,39.9,S
2021-07-26T09:25:20,100.0,39.9,S
2021-07-26T09:25:19,500.0,39.9,S
2021-07-26T09:25:07,100.0,40.0,S
2021-07-26T09:25:04,2000.0,40.0,S
2021-07-26T09:25:04,5300.0,40.0,S
2021-07-26T09:25:04,500.0,40.0,S
2021-07-26T09:25:03,1000.0,40.0,S
2021-07-26T09:25:03,3000.0,40.0,S
2021-07-26T09:25:00,2000.0,40.0,S
2021-07-26T09:24:58,100.0,40.0,S
2021-07-26T09:24:57,1000.0,40.0,S
2021-07-26T09:24:57,100.0,40.1,B
2021-07-26T09:24:56,200.0,40.0,S
2021-07-26T09:24:55,1600.0,40.0,S
2021-07-26T09:24:54,500.0,40.0,S
2021-07-26T09:24:54,200.0,40.0,S
2021-07-26T09:24:47,500.0,40.0,S
2021-07-26T09:24:40,1700.0,40.0,S
2021-07-26T09:24:33,2500.0,40.0,S
2021-07-26T09:24:27,4700.0,40.3,B
2021-07-26T09:24:27,300.0,40.2,B
2021-07-26T09:24:25,500.0,40.1,S
2021-07-26T09:24:23,400.0,40.2,S
2021-07-26T09:24:20,8000.0,40.2,S
2021-07-26T09:24:13,100.0,40.25,S
2021-07-26T09:24:13,1500.0,40.3,B
2021-07-26T09:24:04,8500.0,40.25,S
2021-07-26T09:23:56,1100.0,40.3,B
2021-07-26T09:23:55,1000.0,40.3,B
2021-07-26T09:23:54,500.0,40.25,S
2021-07-26T09:23:53,100.0,40.25,S
2021-07-26T09:23:52,100.0,40.3,B
2021-07-26T09:23:41,500.0,40.25,S
2021-07-26T09:23:41,1000.0,40.25,B
2021-07-26T09:23:39,1000.0,40.25,B
2021-07-26T09:23:24,500.0,40.2,S
2021-07-26T09:23:21,100.0,40.2,S
2021-07-26T09:23:18,3000.0,40.2,S
2021-07-26T09:23:14,200.0,40.2,S
2021-07-26T09:23:11,1900.0,40.2,B
2021-07-26T09:23:09,700.0,40.1,S
2021-07-26T09:23:07,300.0,40.2,B
2021-07-26T09:23:06,2000.0,40.2,B
2021-07-26T09:23:06,400.0,40.2,B
2021-07-26T09:23:06,300.0,40.2,B
2021-07-26T09:22:58,200.0,40.1,S
2021-07-26T09:22:50,2300.0,40.0,S
2021-07-26T09:22:46,1400.0,40.1,B
2021-07-26T09:22:44,1000.0,40.1,B
2021-07-26T09:22:43,500.0,40.1,B
2021-07-26T09:22:42,2000.0,40.1,B
2021-07-26T09:22:40,1000.0,40.1,B
2021-07-26T09:22:32,500.0,40.1,B
2021-07-26T09:22:29,100.0,40.1,B
2021-07-26T09:22:28,1000.0,40.1,B
2021-07-26T09:22:22,300.0,40.1,B
2021-07-26T09:22:19,1000.0,40.0,S
2021-07-26T09:22:09,500.0,40.0,S
2021-07-26T09:22:07,200.0,40.0,S
2021-07-26T09:22:05,2600.0,40.0,B
2021-07-26T09:22:04,100.0,39.9,S
2021-07-26T09:22:04,900.0,40.0,B
2021-07-26T09:22:04,200.0,40.0,B
2021-07-26T09:22:04,200.0,40.0,B
2021-07-26T09:22:04,900.0,40.0,B
2021-07-26T09:22:03,4300.0,40.0,B
2021-07-26T09:22:01,100.0,39.9,S
2021-07-26T09:21:57,400.0,39.9,B
2021-07-26T09:21:57,100.0,39.9,S
2021-07-26T09:21:37,8400.0,39.9,B
2021-07-26T09:21:36,1000.0,39.8,B
2021-07-26T09:21:32,3500.0,39.8,B
2021-07-26T09:21:32,1300.0,39.8,B
2021-07-26T09:21:32,200.0,39.75,B
2021-07-26T09:21:27,1000.0,39.7,S
2021-07-26T09:21:14,1000.0,39.8,B
2021-07-26T09:21:10,500.0,39.75,B
2021-07-26T09:20:55,700.0,39.7,B
2021-07-26T09:20:54,5000.0,39.6,S
2021-07-26T09:20:44,300.0,39.7,B
2021-07-26T09:20:34,700.0,39.7,B
2021-07-26T09:20:26,500.0,39.6,S
2021-07-26T09:20:20,1000.0,39.7,B
2021-07-26T09:20:15,600.0,39.6,B
2021-07-26T09:19:45,100.0,39.5,B
2021-07-26T09:19:45,900.0,39.5,B
2021-07-26T09:19:45,700.0,39.5,B
2021-07-26T09:19:27,500.0,39.4,S
2021-07-26T09:19:20,200.0,39.4,S
2021-07-26T09:19:14,300.0,39.4,S
2021-07-26T09:18:37,700.0,39.4,B
2021-07-26T09:18:31,1000.0,39.4,B
2021-07-26T09:18:29,600.0,39.4,B
2021-07-26T09:18:21,1100.0,39.4,B
2021-07-26T09:18:19,500.0,39.4,B
2021-07-26T09:18:09,700.0,39.4,B
2021-07-26T09:18:01,500.0,39.35,S
2021-07-26T09:17:39,500.0,39.3,S
2021-07-26T09:17:39,1200.0,39.25,B
2021-07-26T09:17:37,2000.0,39.25,B
2021-07-26T09:17:37,100.0,39.25,B
2021-07-26T09:17:28,600.0,39.25,S
2021-07-26T09:17:28,1700.0,39.25,S
2021-07-26T09:16:59,400.0,39.25,B
2021-07-26T09:16:56,500.0,39.25,B
2021-07-26T09:16:33,100.0,39.25,B
2021-07-26T09:16:07,5000.0,39.0,B
2021-07-26T09:16:04,400.0,38.8,S
2021-07-26T09:16:02,100.0,38.9,S
2021-07-26T09:15:32,500.0,38.85,S
2021-07-26T09:15:07,1000.0,38.8,S
