tradingTime,volume,price,side
2021-07-26T11:29:48,900.0,32.15,S
2021-07-26T11:29:35,100.0,32.1,S
2021-07-26T11:29:34,600.0,32.05,B
2021-07-26T11:29:11,800.0,32.0,S
2021-07-26T11:29:08,1000.0,32.0,B
2021-07-26T11:29:02,200.0,32.0,B
2021-07-26T11:28:47,400.0,31.9,S
2021-07-26T11:28:26,600.0,31.9,B
2021-07-26T11:28:22,200.0,31.9,B
2021-07-26T11:27:27,300.0,31.8,S
2021-07-26T11:26:33,200.0,31.8,S
2021-07-26T11:26:33,200.0,31.85,S
2021-07-26T11:25:30,200.0,31.9,B
2021-07-26T11:24:19,400.0,31.9,S
2021-07-26T11:24:00,100.0,32.0,S
2021-07-26T11:23:27,3300.0,32.0,B
2021-07-26T11:23:27,700.0,32.0,B
2021-07-26T11:23:27,6000.0,32.0,B
2021-07-26T11:22:58,200.0,31.95,S
2021-07-26T11:22:32,500.0,31.95,S
2021-07-26T11:22:07,500.0,31.95,S
2021-07-26T11:22:07,200.0,31.95,B
2021-07-26T11:21:09,300.0,31.95,B
2021-07-26T11:20:44,100.0,31.9,S
2021-07-26T11:20:44,900.0,31.9,S
2021-07-26T11:19:55,400.0,31.9,S
2021-07-26T11:19:39,300.0,31.95,S
2021-07-26T11:19:03,100.0,31.95,S
2021-07-26T11:19:02,600.0,31.95,S
2021-07-26T11:19:01,200.0,31.95,S
2021-07-26T11:19:01,100.0,31.95,S
2021-07-26T11:17:42,400.0,31.95,S
2021-07-26T11:16:02,1500.0,31.95,B
2021-07-26T11:15:29,400.0,31.85,S
2021-07-26T11:15:29,100.0,31.9,S
2021-07-26T11:14:49,100.0,31.9,B
2021-07-26T11:14:22,100.0,31.9,S
2021-07-26T11:14:16,100.0,31.9,S
2021-07-26T11:13:57,500.0,31.95,B
2021-07-26T11:13:27,1000.0,31.9,S
2021-07-26T11:13:17,400.0,31.9,S
2021-07-26T11:13:04,200.0,31.9,S
2021-07-26T11:11:31,300.0,31.9,B
2021-07-26T11:11:05,100.0,31.9,B
2021-07-26T11:11:04,400.0,31.8,S
2021-07-26T11:10:37,100.0,31.8,S
2021-07-26T11:10:34,400.0,31.8,S
2021-07-26T11:08:51,300.0,31.8,S
2021-07-26T11:08:51,100.0,31.8,S
2021-07-26T11:08:51,100.0,31.8,S
2021-07-26T11:08:18,3600.0,31.8,S
2021-07-26T11:08:04,500.0,31.8,S
2021-07-26T11:07:52,2000.0,31.8,S
2021-07-26T11:06:54,100.0,31.85,S
2021-07-26T11:06:38,400.0,31.85,S
2021-07-26T11:05:02,700.0,31.85,S
2021-07-26T11:04:53,300.0,31.85,B
2021-07-26T11:04:27,400.0,31.8,S
2021-07-26T11:04:05,100.0,31.8,S
2021-07-26T11:03:34,300.0,31.8,S
2021-07-26T11:03:30,500.0,31.8,S
2021-07-26T11:02:13,100.0,31.8,S
2021-07-26T11:02:13,300.0,31.85,S
2021-07-26T11:01:49,800.0,31.95,B
2021-07-26T11:01:49,200.0,31.95,B
2021-07-26T11:01:02,1000.0,31.8,S
2021-07-26T11:00:25,100.0,31.8,S
2021-07-26T10:59:59,100.0,31.8,S
2021-07-26T10:59:59,400.0,31.8,S
2021-07-26T10:58:15,3700.0,31.8,S
2021-07-26T10:58:15,900.0,31.85,S
2021-07-26T10:58:09,100.0,31.85,S
2021-07-26T10:57:56,500.0,31.85,S
2021-07-26T10:57:56,100.0,31.85,S
2021-07-26T10:57:56,1400.0,31.85,S
2021-07-26T10:57:46,400.0,31.85,S
2021-07-26T10:57:30,100.0,31.85,S
2021-07-26T10:57:24,200.0,31.85,S
2021-07-26T10:55:49,4400.0,31.85,S
2021-07-26T10:55:49,200.0,31.85,S
2021-07-26T10:55:36,100.0,31.85,S
2021-07-26T10:55:36,300.0,31.85,S
2021-07-26T10:55:02,100.0,32.0,B
2021-07-26T10:55:02,500.0,32.0,B
2021-07-26T10:55:02,400.0,31.9,B
2021-07-26T10:55:01,100.0,31.9,B
2021-07-26T10:53:33,100.0,31.9,B
2021-07-26T10:53:22,500.0,31.85,S
2021-07-26T10:53:11,400.0,31.9,S
2021-07-26T10:52:04,400.0,31.85,S
2021-07-26T10:52:04,300.0,31.9,S
2021-07-26T10:52:04,2000.0,31.9,S
2021-07-26T10:52:04,400.0,31.9,S
2021-07-26T10:51:53,300.0,31.9,S
2021-07-26T10:51:39,2300.0,31.9,S
2021-07-26T10:51:09,400.0,31.9,S
2021-07-26T10:50:50,100.0,31.95,S
2021-07-26T10:50:32,1000.0,32.0,B
2021-07-26T10:50:24,400.0,31.95,S
2021-07-26T10:48:57,400.0,31.9,S
2021-07-26T10:48:52,200.0,32.0,B
2021-07-26T10:48:34,100.0,31.9,S
2021-07-26T10:48:21,2900.0,31.9,B
2021-07-26T10:48:17,100.0,31.9,B
2021-07-26T10:48:16,300.0,31.9,B
2021-07-26T10:48:07,500.0,31.9,B
2021-07-26T10:47:49,100.0,31.9,B
2021-07-26T10:47:43,500.0,31.9,B
2021-07-26T10:47:30,1000.0,31.9,B
2021-07-26T10:47:07,1000.0,31.9,B
2021-07-26T10:47:00,5000.0,31.9,B
2021-07-26T10:46:52,2000.0,31.9,B
2021-07-26T10:46:44,200.0,31.8,S
2021-07-26T10:46:44,100.0,31.8,S
2021-07-26T10:46:44,200.0,31.85,S
2021-07-26T10:46:43,100.0,31.9,B
2021-07-26T10:46:23,100.0,31.9,B
2021-07-26T10:46:15,100.0,31.9,B
2021-07-26T10:46:08,2000.0,31.8,S
2021-07-26T10:45:37,2000.0,31.8,S
2021-07-26T10:45:04,100.0,31.8,S
2021-07-26T10:44:56,3000.0,31.75,S
2021-07-26T10:44:34,1500.0,31.75,S
2021-07-26T10:44:31,400.0,31.7,S
2021-07-26T10:44:24,1000.0,31.7,S
2021-07-26T10:44:06,1000.0,31.7,S
2021-07-26T10:44:06,2200.0,31.7,S
2021-07-26T10:44:06,1300.0,31.7,S
2021-07-26T10:44:06,500.0,31.7,S
2021-07-26T10:43:30,1000.0,31.75,B
2021-07-26T10:43:25,6000.0,31.75,S
2021-07-26T10:43:13,100.0,31.75,S
2021-07-26T10:43:09,300.0,31.75,S
2021-07-26T10:43:08,100.0,31.75,S
2021-07-26T10:42:52,1000.0,31.75,S
2021-07-26T10:42:51,3000.0,31.75,S
2021-07-26T10:42:49,100.0,31.75,S
2021-07-26T10:42:32,100.0,31.75,S
2021-07-26T10:42:18,400.0,31.75,S
2021-07-26T10:42:03,5000.0,31.75,S
2021-07-26T10:41:48,2000.0,31.75,S
2021-07-26T10:41:46,1300.0,31.75,B
2021-07-26T10:41:36,15000.0,31.75,B
2021-07-26T10:41:32,4500.0,31.7,S
2021-07-26T10:41:11,400.0,31.75,S
2021-07-26T10:41:10,100.0,31.75,S
2021-07-26T10:41:10,600.0,31.75,S
2021-07-26T10:41:10,3200.0,31.75,S
2021-07-26T10:40:59,1000.0,31.8,B
2021-07-26T10:40:14,100.0,31.8,B
2021-07-26T10:40:06,200.0,31.75,S
2021-07-26T10:40:06,400.0,31.75,S
2021-07-26T10:40:01,300.0,31.8,B
2021-07-26T10:40:01,200.0,31.8,B
2021-07-26T10:39:55,500.0,31.8,B
2021-07-26T10:39:49,500.0,31.8,S
2021-07-26T10:39:49,600.0,31.8,S
2021-07-26T10:39:49,3700.0,31.8,S
2021-07-26T10:39:49,10200.0,31.8,S
2021-07-26T10:39:48,15700.0,31.8,S
2021-07-26T10:39:26,3000.0,31.8,S
2021-07-26T10:39:21,500.0,31.85,B
2021-07-26T10:39:04,1000.0,31.8,S
2021-07-26T10:39:03,1000.0,31.85,B
2021-07-26T10:38:49,100.0,31.85,B
2021-07-26T10:38:47,500.0,31.85,B
2021-07-26T10:38:46,5500.0,31.85,S
2021-07-26T10:37:53,500.0,31.85,S
2021-07-26T10:37:14,200.0,31.95,B
2021-07-26T10:37:03,500.0,31.95,B
2021-07-26T10:37:00,900.0,31.8,S
2021-07-26T10:37:00,3100.0,31.85,S
2021-07-26T10:37:00,600.0,31.85,S
2021-07-26T10:36:45,500.0,31.95,B
2021-07-26T10:36:31,400.0,31.85,S
2021-07-26T10:36:31,600.0,31.85,S
2021-07-26T10:36:31,100.0,31.85,S
2021-07-26T10:36:31,300.0,31.85,S
2021-07-26T10:36:31,500.0,31.9,S
2021-07-26T10:36:31,200.0,31.9,S
2021-07-26T10:36:31,100.0,31.9,S
2021-07-26T10:36:31,1100.0,31.9,S
2021-07-26T10:36:31,500.0,31.9,S
2021-07-26T10:36:31,600.0,31.9,S
2021-07-26T10:36:31,200.0,31.9,S
2021-07-26T10:36:29,500.0,31.95,B
2021-07-26T10:36:24,800.0,31.95,B
2021-07-26T10:35:50,200.0,31.95,S
2021-07-26T10:35:40,400.0,31.95,S
2021-07-26T10:35:33,2000.0,32.0,B
2021-07-26T10:35:27,100.0,32.0,B
2021-07-26T10:34:31,100.0,32.0,B
2021-07-26T10:34:18,1000.0,32.0,S
2021-07-26T10:34:18,2100.0,32.0,S
2021-07-26T10:34:18,200.0,32.0,S
2021-07-26T10:34:18,1600.0,32.0,S
2021-07-26T10:34:18,10200.0,32.0,S
2021-07-26T10:34:18,2200.0,32.0,S
2021-07-26T10:34:18,200.0,32.0,S
2021-07-26T10:34:18,1300.0,32.0,S
2021-07-26T10:34:18,2200.0,32.0,S
2021-07-26T10:34:18,200.0,32.0,S
2021-07-26T10:34:18,1000.0,32.0,S
2021-07-26T10:34:18,500.0,32.0,S
2021-07-26T10:34:18,600.0,32.0,S
2021-07-26T10:34:18,1300.0,32.0,S
2021-07-26T10:34:18,1100.0,32.0,S
2021-07-26T10:34:18,5000.0,32.0,S
2021-07-26T10:34:18,1100.0,32.0,S
2021-07-26T10:34:18,600.0,32.0,S
2021-07-26T10:34:18,2600.0,32.0,S
2021-07-26T10:34:18,200.0,32.0,S
2021-07-26T10:34:18,1000.0,32.0,S
2021-07-26T10:34:18,6000.0,32.0,S
2021-07-26T10:34:18,4200.0,32.0,S
2021-07-26T10:33:50,2100.0,32.0,S
2021-07-26T10:33:50,200.0,32.05,S
2021-07-26T10:33:49,2300.0,32.05,S
2021-07-26T10:33:27,400.0,32.05,S
2021-07-26T10:33:20,700.0,32.05,B
2021-07-26T10:33:19,500.0,32.05,B
2021-07-26T10:33:12,100.0,32.05,B
2021-07-26T10:33:10,400.0,32.05,B
2021-07-26T10:33:09,2000.0,32.05,B
2021-07-26T10:33:07,1000.0,32.05,B
2021-07-26T10:33:03,300.0,32.05,B
2021-07-26T10:32:57,10000.0,32.05,B
2021-07-26T10:32:57,100.0,32.05,B
2021-07-26T10:32:29,8000.0,32.05,S
2021-07-26T10:32:29,2300.0,32.05,S
2021-07-26T10:32:29,100.0,32.05,S
2021-07-26T10:32:29,1000.0,32.05,S
2021-07-26T10:32:29,100.0,32.05,S
2021-07-26T10:32:29,16200.0,32.05,S
2021-07-26T10:31:56,1000.0,32.05,S
2021-07-26T10:31:39,500.0,32.1,B
2021-07-26T10:31:15,500.0,32.05,S
2021-07-26T10:31:13,500.0,32.1,B
2021-07-26T10:30:57,2000.0,32.1,B
2021-07-26T10:30:07,2000.0,32.05,S
2021-07-26T10:30:07,300.0,32.05,S
2021-07-26T10:30:02,1000.0,32.1,B
2021-07-26T10:29:51,1300.0,32.1,S
2021-07-26T10:29:36,3700.0,32.1,S
2021-07-26T10:29:27,1200.0,32.1,S
2021-07-26T10:29:27,100.0,32.1,S
2021-07-26T10:29:27,1500.0,32.1,S
2021-07-26T10:29:15,300.0,32.1,S
2021-07-26T10:29:11,2400.0,32.1,S
2021-07-26T10:29:11,100.0,32.1,S
2021-07-26T10:29:11,2100.0,32.1,S
2021-07-26T10:29:02,400.0,32.1,S
2021-07-26T10:28:39,3500.0,32.15,S
2021-07-26T10:28:30,1000.0,32.15,S
2021-07-26T10:28:30,3900.0,32.15,S
2021-07-26T10:28:27,200.0,32.15,S
2021-07-26T10:28:24,600.0,32.15,S
2021-07-26T10:28:19,700.0,32.15,S
2021-07-26T10:28:18,1000.0,32.15,S
2021-07-26T10:28:11,600.0,32.15,S
2021-07-26T10:28:06,600.0,32.15,S
2021-07-26T10:28:02,600.0,32.15,S
2021-07-26T10:28:01,100.0,32.15,S
2021-07-26T10:27:57,600.0,32.15,S
2021-07-26T10:27:50,600.0,32.15,S
2021-07-26T10:27:42,200.0,32.15,S
2021-07-26T10:27:34,3100.0,32.15,S
2021-07-26T10:27:04,2000.0,32.15,S
2021-07-26T10:26:49,400.0,32.15,S
2021-07-26T10:26:31,1100.0,32.2,S
2021-07-26T10:26:31,6800.0,32.2,S
2021-07-26T10:26:31,2300.0,32.2,S
2021-07-26T10:26:31,1100.0,32.2,S
2021-07-26T10:26:31,5800.0,32.2,S
2021-07-26T10:25:23,300.0,32.3,B
2021-07-26T10:24:37,400.0,32.2,S
2021-07-26T10:23:21,500.0,32.2,S
2021-07-26T10:22:24,500.0,32.2,S
2021-07-26T10:20:10,400.0,32.2,S
2021-07-26T10:20:02,100.0,32.3,B
2021-07-26T10:17:58,400.0,32.2,S
2021-07-26T10:16:44,300.0,32.35,S
2021-07-26T10:16:02,1000.0,32.35,S
2021-07-26T10:15:46,500.0,32.35,S
2021-07-26T10:15:23,700.0,32.45,B
2021-07-26T10:15:13,1300.0,32.45,B
2021-07-26T10:15:09,1300.0,32.45,B
2021-07-26T10:15:04,1300.0,32.45,B
2021-07-26T10:14:49,700.0,32.45,B
2021-07-26T10:14:44,1300.0,32.45,B
2021-07-26T10:14:40,1300.0,32.45,B
2021-07-26T10:14:39,3000.0,32.35,B
2021-07-26T10:14:37,200.0,32.25,S
2021-07-26T10:14:36,1300.0,32.35,B
2021-07-26T10:14:28,1200.0,32.25,B
2021-07-26T10:14:25,600.0,32.15,S
2021-07-26T10:14:10,200.0,32.2,B
2021-07-26T10:14:06,1300.0,32.2,B
2021-07-26T10:14:02,1300.0,32.2,B
2021-07-26T10:13:59,2300.0,32.2,B
2021-07-26T10:13:59,900.0,32.2,B
2021-07-26T10:13:55,900.0,32.2,B
2021-07-26T10:13:33,400.0,32.15,S
2021-07-26T10:13:29,300.0,32.15,S
2021-07-26T10:12:50,300.0,32.15,S
2021-07-26T10:12:31,200.0,32.15,S
2021-07-26T10:12:16,100.0,32.15,S
2021-07-26T10:12:09,1000.0,32.15,S
2021-07-26T10:11:19,400.0,32.15,S
2021-07-26T10:11:17,1000.0,32.15,S
2021-07-26T10:11:00,100.0,32.15,S
2021-07-26T10:10:54,100.0,32.2,B
2021-07-26T10:09:56,1400.0,32.2,B
2021-07-26T10:09:17,100.0,32.2,B
2021-07-26T10:09:12,400.0,32.2,B
2021-07-26T10:09:07,500.0,32.15,S
2021-07-26T10:09:04,900.0,32.2,B
2021-07-26T10:08:54,200.0,32.2,B
2021-07-26T10:08:33,1000.0,32.2,B
2021-07-26T10:07:22,100.0,32.2,S
2021-07-26T10:06:54,400.0,32.15,S
2021-07-26T10:06:52,6300.0,32.2,S
2021-07-26T10:06:46,5700.0,32.2,S
2021-07-26T10:06:44,1600.0,32.2,S
2021-07-26T10:06:37,1200.0,32.2,S
2021-07-26T10:06:35,1500.0,32.2,S
2021-07-26T10:06:14,200.0,32.25,B
2021-07-26T10:05:52,300.0,32.25,B
2021-07-26T10:05:42,100.0,32.25,B
2021-07-26T10:05:05,100.0,32.25,B
2021-07-26T10:04:42,400.0,32.2,S
2021-07-26T10:04:27,200.0,32.25,B
2021-07-26T10:04:20,3000.0,32.2,S
2021-07-26T10:04:20,6900.0,32.2,S
2021-07-26T10:03:58,200.0,32.25,B
2021-07-26T10:03:02,2000.0,32.25,B
2021-07-26T10:02:29,400.0,32.2,S
2021-07-26T10:02:04,2000.0,32.2,S
2021-07-26T10:02:04,200.0,32.25,B
2021-07-26T10:00:41,300.0,32.25,B
2021-07-26T10:00:38,400.0,32.25,B
2021-07-26T10:00:17,500.0,32.2,S
2021-07-26T10:00:07,1100.0,32.25,S
2021-07-26T09:58:04,400.0,32.25,S
2021-07-26T09:57:44,1100.0,32.25,S
2021-07-26T09:56:51,300.0,32.2,S
2021-07-26T09:56:51,2100.0,32.2,S
2021-07-26T09:56:51,1400.0,32.2,S
2021-07-26T09:56:51,1200.0,32.2,S
2021-07-26T09:56:51,100.0,32.2,S
2021-07-26T09:56:44,5000.0,32.25,B
2021-07-26T09:55:51,400.0,32.2,S
2021-07-26T09:54:54,800.0,32.2,S
2021-07-26T09:54:51,200.0,32.35,B
2021-07-26T09:54:02,3100.0,32.35,B
2021-07-26T09:53:45,3100.0,32.35,B
2021-07-26T09:53:37,500.0,32.2,S
2021-07-26T09:52:36,500.0,32.2,S
2021-07-26T09:51:26,400.0,32.2,S
2021-07-26T09:50:56,100.0,32.2,S
2021-07-26T09:50:14,900.0,32.35,B
2021-07-26T09:50:09,1000.0,32.35,B
2021-07-26T09:50:04,4100.0,32.3,B
2021-07-26T09:50:02,100.0,32.3,B
2021-07-26T09:49:58,1000.0,32.3,B
2021-07-26T09:49:54,3100.0,32.3,B
2021-07-26T09:49:51,500.0,32.25,B
2021-07-26T09:49:47,200.0,32.25,B
2021-07-26T09:49:44,3100.0,32.25,B
2021-07-26T09:49:41,100.0,32.2,S
2021-07-26T09:49:34,3100.0,32.25,B
2021-07-26T09:49:13,400.0,32.2,S
2021-07-26T09:49:07,300.0,32.2,S
2021-07-26T09:48:21,600.0,32.15,S
2021-07-26T09:47:02,500.0,32.15,S
2021-07-26T09:45:25,1000.0,32.2,B
2021-07-26T09:44:46,400.0,32.15,S
2021-07-26T09:44:27,1000.0,32.2,B
2021-07-26T09:44:21,1000.0,32.15,S
2021-07-26T09:43:32,300.0,32.15,S
2021-07-26T09:43:25,1000.0,32.15,S
2021-07-26T09:43:01,400.0,32.15,S
2021-07-26T09:42:40,13300.0,32.15,S
2021-07-26T09:42:40,1900.0,32.15,B
2021-07-26T09:42:37,3100.0,32.15,B
2021-07-26T09:42:35,400.0,32.1,S
2021-07-26T09:42:35,300.0,32.15,B
2021-07-26T09:42:30,100.0,32.15,B
2021-07-26T09:42:24,6000.0,32.1,S
2021-07-26T09:42:17,9700.0,32.15,B
2021-07-26T09:42:13,3100.0,32.15,B
2021-07-26T09:41:43,1200.0,32.15,B
2021-07-26T09:41:35,500.0,32.1,S
2021-07-26T09:41:21,200.0,32.1,S
2021-07-26T09:40:37,2000.0,32.1,S
2021-07-26T09:40:22,400.0,32.1,S
2021-07-26T09:40:14,300.0,32.15,B
2021-07-26T09:40:02,100.0,32.15,B
2021-07-26T09:39:35,2000.0,32.1,S
2021-07-26T09:39:33,100.0,32.15,B
2021-07-26T09:38:22,300.0,32.15,S
2021-07-26T09:38:22,5900.0,32.15,S
2021-07-26T09:38:18,1000.0,32.15,S
2021-07-26T09:38:08,500.0,32.15,S
2021-07-26T09:38:05,100.0,32.2,B
2021-07-26T09:37:15,600.0,32.2,B
2021-07-26T09:37:13,500.0,32.2,B
2021-07-26T09:36:31,100.0,32.2,S
2021-07-26T09:36:20,1000.0,32.15,S
2021-07-26T09:35:56,400.0,32.15,S
2021-07-26T09:35:06,300.0,32.15,S
2021-07-26T09:34:04,500.0,32.15,S
2021-07-26T09:33:44,400.0,32.15,S
2021-07-26T09:33:26,100.0,32.3,B
2021-07-26T09:32:22,1000.0,32.3,B
2021-07-26T09:31:38,300.0,32.1,S
2021-07-26T09:31:31,1500.0,32.2,B
2021-07-26T09:31:31,500.0,32.15,S
2021-07-26T09:30:37,200.0,32.1,S
2021-07-26T09:30:20,4600.0,32.35,B
2021-07-26T09:29:18,400.0,32.1,S
2021-07-26T09:29:14,2000.0,32.35,B
2021-07-26T09:29:04,500.0,32.35,S
2021-07-26T09:28:43,3100.0,32.5,B
2021-07-26T09:28:40,700.0,32.5,B
2021-07-26T09:28:35,1300.0,32.5,B
2021-07-26T09:28:32,100.0,32.5,B
2021-07-26T09:28:31,3100.0,32.5,B
2021-07-26T09:28:30,500.0,32.5,B
2021-07-26T09:28:30,1300.0,32.5,B
2021-07-26T09:28:25,1300.0,32.5,S
2021-07-26T09:28:25,1500.0,32.55,S
2021-07-26T09:28:23,2500.0,32.6,B
2021-07-26T09:28:18,3100.0,32.6,B
2021-07-26T09:28:14,2100.0,32.55,B
2021-07-26T09:28:12,3600.0,32.6,B
2021-07-26T09:28:06,3100.0,32.6,B
2021-07-26T09:28:06,500.0,32.6,B
2021-07-26T09:28:05,1300.0,32.6,B
2021-07-26T09:28:05,2700.0,32.6,B
2021-07-26T09:28:00,900.0,32.6,B
2021-07-26T09:27:58,3800.0,32.6,B
2021-07-26T09:27:56,900.0,32.6,B
2021-07-26T09:27:56,1000.0,32.5,B
2021-07-26T09:27:52,900.0,32.6,B
2021-07-26T09:27:51,200.0,32.45,S
2021-07-26T09:27:51,800.0,32.6,B
2021-07-26T09:27:51,100.0,32.6,B
2021-07-26T09:27:51,3100.0,32.6,B
2021-07-26T09:27:45,400.0,32.4,B
2021-07-26T09:27:44,600.0,32.4,S
2021-07-26T09:27:43,3800.0,32.55,B
2021-07-26T09:27:39,600.0,32.5,B
2021-07-26T09:27:33,200.0,32.45,B
2021-07-26T09:27:33,3100.0,32.45,B
2021-07-26T09:27:22,500.0,32.45,B
2021-07-26T09:27:22,3600.0,32.45,B
2021-07-26T09:27:22,500.0,32.3,B
2021-07-26T09:27:19,3100.0,32.3,B
2021-07-26T09:27:06,3100.0,32.4,B
2021-07-26T09:27:05,400.0,32.0,S
2021-07-26T09:26:57,2400.0,32.0,S
2021-07-26T09:26:57,100.0,32.05,S
2021-07-26T09:26:57,37500.0,32.05,S
2021-07-26T09:26:50,200.0,32.15,S
2021-07-26T09:26:45,1400.0,32.2,B
2021-07-26T09:26:33,5000.0,32.15,S
2021-07-26T09:26:27,300.0,32.15,S
2021-07-26T09:26:26,200.0,32.15,S
2021-07-26T09:26:23,2000.0,32.15,S
2021-07-26T09:26:22,4600.0,32.2,B
2021-07-26T09:26:17,500.0,32.15,S
2021-07-26T09:26:07,100.0,32.2,B
2021-07-26T09:25:55,5000.0,32.15,S
2021-07-26T09:25:33,1600.0,32.2,B
2021-07-26T09:25:14,3300.0,32.15,S
2021-07-26T09:24:53,400.0,32.15,S
2021-07-26T09:24:36,2000.0,32.2,S
2021-07-26T09:24:27,100.0,32.3,B
2021-07-26T09:24:11,200.0,32.3,B
2021-07-26T09:24:06,7500.0,32.15,S
2021-07-26T09:24:06,100.0,32.25,S
2021-07-26T09:23:56,1000.0,32.3,B
2021-07-26T09:23:54,400.0,32.3,S
2021-07-26T09:23:46,300.0,32.35,B
2021-07-26T09:23:40,200.0,32.35,S
2021-07-26T09:23:27,1800.0,32.35,S
2021-07-26T09:23:27,5800.0,32.4,S
2021-07-26T09:22:53,200.0,32.4,S
2021-07-26T09:22:45,500.0,32.4,S
2021-07-26T09:22:39,300.0,32.4,S
2021-07-26T09:22:39,200.0,32.45,S
2021-07-26T09:22:18,100.0,32.4,B
2021-07-26T09:22:04,200.0,32.4,B
2021-07-26T09:21:55,400.0,32.35,B
2021-07-26T09:21:41,700.0,32.3,B
2021-07-26T09:21:39,100.0,32.3,B
2021-07-26T09:21:34,700.0,32.3,B
2021-07-26T09:21:29,400.0,32.3,B
2021-07-26T09:21:28,100.0,32.3,B
2021-07-26T09:21:07,300.0,32.3,B
2021-07-26T09:20:59,100.0,32.3,B
2021-07-26T09:20:59,400.0,32.3,B
2021-07-26T09:20:41,300.0,32.3,B
2021-07-26T09:20:26,400.0,32.15,S
2021-07-26T09:20:12,600.0,32.3,B
2021-07-26T09:19:32,1000.0,32.1,S
2021-07-26T09:19:27,100.0,32.1,S
2021-07-26T09:18:15,400.0,32.05,S
2021-07-26T09:18:06,100.0,32.05,B
2021-07-26T09:18:06,1000.0,32.05,B
2021-07-26T09:18:06,800.0,32.05,B
2021-07-26T09:18:02,10000.0,32.05,B
2021-07-26T09:18:00,200.0,32.05,B
2021-07-26T09:18:00,8000.0,32.05,B
2021-07-26T09:17:57,100.0,32.05,B
2021-07-26T09:17:28,300.0,32.05,S
2021-07-26T09:17:28,400.0,32.05,S
2021-07-26T09:17:28,400.0,32.1,S
2021-07-26T09:16:35,500.0,32.05,S
2021-07-26T09:16:29,200.0,32.05,S
2021-07-26T09:16:01,500.0,32.05,S
2021-07-26T09:15:56,1000.0,32.35,S
2021-07-26T09:15:56,800.0,32.35,S
