tradingTime,volume,price,side
2021-07-26T11:29:49,10000.0,3.03,S
2021-07-26T11:29:40,47400.0,3.04,S
2021-07-26T11:28:20,400.0,3.04,S
2021-07-26T11:27:36,4100.0,3.03,S
2021-07-26T11:27:36,3900.0,3.03,S
2021-07-26T11:26:37,2000.0,3.04,S
2021-07-26T11:25:32,100.0,3.05,B
2021-07-26T11:24:59,200.0,3.04,S
2021-07-26T11:24:50,200.0,3.04,B
2021-07-26T11:24:41,300.0,3.04,B
2021-07-26T11:24:37,1700.0,3.04,B
2021-07-26T11:24:33,47800.0,3.04,S
2021-07-26T11:24:24,100.0,3.05,B
2021-07-26T11:24:09,1800.0,3.04,S
2021-07-26T11:23:15,400.0,3.04,B
2021-07-26T11:23:07,6000.0,3.04,B
2021-07-26T11:22:54,500.0,3.03,S
2021-07-26T11:22:47,5000.0,3.04,B
2021-07-26T11:22:19,2000.0,3.04,B
2021-07-26T11:21:36,100.0,3.03,S
2021-07-26T11:21:29,100.0,3.04,B
2021-07-26T11:21:02,3200.0,3.04,S
2021-07-26T11:21:02,21300.0,3.04,S
2021-07-26T11:21:02,10000.0,3.04,S
2021-07-26T11:21:02,4500.0,3.04,S
2021-07-26T11:20:52,200.0,3.04,S
2021-07-26T11:19:41,1000.0,3.04,S
2021-07-26T11:13:10,1000.0,3.05,B
2021-07-26T11:12:35,1600.0,3.04,B
2021-07-26T11:12:19,1000.0,3.04,B
2021-07-26T11:12:14,700.0,3.04,B
2021-07-26T11:11:43,700.0,3.04,S
2021-07-26T11:11:11,100.0,3.04,S
2021-07-26T11:10:50,100.0,3.04,S
2021-07-26T11:09:51,2400.0,3.04,B
2021-07-26T11:09:40,2000.0,3.04,B
2021-07-26T11:09:19,1600.0,3.04,S
2021-07-26T11:09:00,10000.0,3.04,S
2021-07-26T11:08:56,300.0,3.04,S
2021-07-26T11:07:32,4000.0,3.05,B
2021-07-26T11:07:32,3000.0,3.05,B
2021-07-26T11:07:24,300.0,3.04,S
2021-07-26T11:07:13,5000.0,3.04,S
2021-07-26T11:06:42,22100.0,3.04,S
2021-07-26T11:05:22,400.0,3.04,S
2021-07-26T11:05:13,500.0,3.04,S
2021-07-26T11:04:29,2300.0,3.04,S
2021-07-26T11:04:19,20000.0,3.04,S
2021-07-26T11:03:58,700.0,3.04,S
2021-07-26T11:03:34,3500.0,3.04,S
2021-07-26T11:03:29,38400.0,3.04,B
2021-07-26T11:03:28,300.0,3.04,B
2021-07-26T11:03:15,200.0,3.04,B
2021-07-26T11:02:59,10000.0,3.04,B
2021-07-26T11:01:53,200.0,3.03,S
2021-07-26T11:01:29,8500.0,3.04,S
2021-07-26T11:01:29,33400.0,3.04,S
2021-07-26T11:01:17,400.0,3.04,S
2021-07-26T11:01:04,1000.0,3.05,B
2021-07-26T11:00:26,5000.0,3.05,B
2021-07-26T10:59:59,500.0,3.05,B
2021-07-26T10:58:56,20000.0,3.05,B
2021-07-26T10:58:33,2000.0,3.04,S
2021-07-26T10:58:17,64200.0,3.04,S
2021-07-26T10:58:09,100000.0,3.04,B
2021-07-26T10:57:18,100.0,3.04,B
2021-07-26T10:57:07,17000.0,3.04,B
2021-07-26T10:55:54,100.0,3.04,B
2021-07-26T10:55:21,1000.0,3.04,B
2021-07-26T10:54:19,2900.0,3.04,S
2021-07-26T10:54:05,200.0,3.04,S
2021-07-26T10:53:54,30000.0,3.04,S
2021-07-26T10:53:38,600.0,3.04,S
2021-07-26T10:53:28,5000.0,3.04,S
2021-07-26T10:52:37,700.0,3.04,S
2021-07-26T10:52:37,600.0,3.04,B
2021-07-26T10:52:25,200.0,3.04,S
2021-07-26T10:52:17,300.0,3.04,S
2021-07-26T10:51:24,12000.0,3.04,S
2021-07-26T10:49:57,1800.0,3.04,B
2021-07-26T10:49:55,400.0,3.04,B
2021-07-26T10:49:53,37800.0,3.04,S
2021-07-26T10:49:42,2800.0,3.04,S
2021-07-26T10:49:31,2100.0,3.05,B
2021-07-26T10:48:21,400.0,3.04,S
2021-07-26T10:48:17,200.0,3.05,B
2021-07-26T10:48:00,100.0,3.05,B
2021-07-26T10:47:45,400.0,3.04,B
2021-07-26T10:47:45,2000.0,3.04,B
2021-07-26T10:47:43,10000.0,3.04,B
2021-07-26T10:47:38,600.0,3.04,B
2021-07-26T10:47:38,9400.0,3.04,B
2021-07-26T10:47:23,30000.0,3.04,B
2021-07-26T10:46:59,300.0,3.04,B
2021-07-26T10:46:58,100.0,3.04,B
2021-07-26T10:46:36,100.0,3.04,B
2021-07-26T10:46:21,100.0,3.04,B
2021-07-26T10:46:17,800.0,3.03,B
2021-07-26T10:45:59,1000.0,3.03,B
2021-07-26T10:45:38,200.0,3.02,S
2021-07-26T10:45:35,3000.0,3.03,B
2021-07-26T10:45:22,600.0,3.03,B
2021-07-26T10:45:16,1000.0,3.03,B
2021-07-26T10:45:02,6100.0,3.03,S
2021-07-26T10:45:02,16000.0,3.03,S
2021-07-26T10:43:47,13900.0,3.03,S
2021-07-26T10:43:42,1000.0,3.04,B
2021-07-26T10:43:30,6900.0,3.03,S
2021-07-26T10:43:30,600.0,3.03,S
2021-07-26T10:43:30,1500.0,3.03,S
2021-07-26T10:43:30,1000.0,3.03,S
2021-07-26T10:43:27,6500.0,3.04,B
2021-07-26T10:43:21,12000.0,3.03,S
2021-07-26T10:43:07,20000.0,3.04,B
2021-07-26T10:43:04,500.0,3.03,S
2021-07-26T10:42:59,200.0,3.03,S
2021-07-26T10:42:59,1400.0,3.03,S
2021-07-26T10:42:59,3400.0,3.03,S
2021-07-26T10:42:56,500.0,3.04,B
2021-07-26T10:42:32,17600.0,3.03,S
2021-07-26T10:42:25,500.0,3.04,B
2021-07-26T10:42:22,500.0,3.03,S
2021-07-26T10:41:27,5900.0,3.03,S
2021-07-26T10:41:26,100.0,3.03,S
2021-07-26T10:40:25,100.0,3.04,B
2021-07-26T10:40:21,3900.0,3.04,B
2021-07-26T10:40:07,12700.0,3.04,S
2021-07-26T10:40:07,8700.0,3.04,S
2021-07-26T10:40:07,300.0,3.04,S
2021-07-26T10:40:07,400.0,3.04,S
2021-07-26T10:40:07,100.0,3.04,S
2021-07-26T10:40:07,400.0,3.04,S
2021-07-26T10:40:07,3700.0,3.04,S
2021-07-26T10:40:07,700.0,3.04,S
2021-07-26T10:40:07,40000.0,3.04,S
2021-07-26T10:40:07,31000.0,3.04,S
2021-07-26T10:39:50,1300.0,3.04,S
2021-07-26T10:39:27,1700.0,3.04,S
2021-07-26T10:38:54,20300.0,3.05,S
2021-07-26T10:38:34,5000.0,3.05,S
2021-07-26T10:37:39,22400.0,3.05,S
2021-07-26T10:37:33,9500.0,3.05,S
2021-07-26T10:36:52,5000.0,3.05,S
2021-07-26T10:36:32,400.0,3.05,S
2021-07-26T10:36:18,31100.0,3.05,S
2021-07-26T10:36:18,200.0,3.05,S
2021-07-26T10:36:18,26700.0,3.05,S
2021-07-26T10:36:05,10000.0,3.05,S
2021-07-26T10:35:03,100.0,3.05,S
2021-07-26T10:34:48,1100.0,3.05,S
2021-07-26T10:33:19,1200.0,3.05,S
2021-07-26T10:32:50,200.0,3.05,S
2021-07-26T10:32:32,5900.0,3.05,S
2021-07-26T10:32:00,1000.0,3.06,B
2021-07-26T10:31:45,50000.0,3.06,B
2021-07-26T10:31:11,200.0,3.06,S
2021-07-26T10:30:52,27900.0,3.06,B
2021-07-26T10:30:38,37500.0,3.06,B
2021-07-26T10:30:38,12500.0,3.06,B
2021-07-26T10:29:30,49800.0,3.06,B
2021-07-26T10:29:23,200.0,3.06,S
2021-07-26T10:28:46,15000.0,3.05,S
2021-07-26T10:28:27,800.0,3.06,B
2021-07-26T10:27:40,2000.0,3.06,B
2021-07-26T10:26:50,5000.0,3.06,B
2021-07-26T10:26:39,100.0,3.06,B
2021-07-26T10:24:27,800.0,3.06,S
2021-07-26T10:23:50,9500.0,3.06,S
2021-07-26T10:23:36,6600.0,3.06,S
2021-07-26T10:23:04,7100.0,3.06,B
2021-07-26T10:22:42,3900.0,3.06,B
2021-07-26T10:21:59,16100.0,3.06,S
2021-07-26T10:21:59,3200.0,3.06,S
2021-07-26T10:21:59,10700.0,3.06,S
2021-07-26T10:21:41,3000.0,3.06,S
2021-07-26T10:19:02,25000.0,3.06,S
2021-07-26T10:18:24,11300.0,3.06,B
2021-07-26T10:17:59,200.0,3.06,B
2021-07-26T10:17:41,100.0,3.06,B
2021-07-26T10:17:00,300.0,3.06,B
2021-07-26T10:16:32,900.0,3.06,S
2021-07-26T10:15:35,900.0,3.06,S
2021-07-26T10:15:35,100.0,3.06,S
2021-07-26T10:15:23,1000.0,3.06,S
2021-07-26T10:14:50,2000.0,3.06,S
2021-07-26T10:14:35,1000.0,3.06,S
2021-07-26T10:13:55,1000.0,3.06,S
2021-07-26T10:10:19,800.0,3.06,B
2021-07-26T10:10:10,200.0,3.06,B
2021-07-26T10:07:44,1000.0,3.05,S
2021-07-26T10:07:09,200.0,3.06,S
2021-07-26T10:07:08,2000.0,3.06,S
2021-07-26T10:05:33,1100.0,3.06,S
2021-07-26T10:03:35,100.0,3.07,S
2021-07-26T10:02:57,12500.0,3.07,B
2021-07-26T10:02:35,600.0,3.06,S
2021-07-26T10:02:16,1000.0,3.06,S
2021-07-26T10:02:02,12800.0,3.07,B
2021-07-26T10:01:56,500.0,3.07,B
2021-07-26T10:00:49,200.0,3.06,S
2021-07-26T09:59:49,21400.0,3.06,B
2021-07-26T09:59:49,400.0,3.06,B
2021-07-26T09:59:49,106100.0,3.06,B
2021-07-26T09:59:36,100.0,3.06,B
2021-07-26T09:59:24,100.0,3.05,S
2021-07-26T09:58:24,2000.0,3.05,B
2021-07-26T09:58:24,500.0,3.05,B
2021-07-26T09:57:46,100.0,3.05,B
2021-07-26T09:57:37,100.0,3.05,B
2021-07-26T09:57:34,1000.0,3.05,B
2021-07-26T09:57:27,800.0,3.05,B
2021-07-26T09:57:12,200.0,3.05,B
2021-07-26T09:57:10,2000.0,3.05,B
2021-07-26T09:57:05,1000.0,3.05,B
2021-07-26T09:56:57,1000.0,3.05,B
2021-07-26T09:56:37,500.0,3.05,B
2021-07-26T09:56:30,800.0,3.05,B
2021-07-26T09:56:27,500.0,3.05,B
2021-07-26T09:56:22,2000.0,3.05,B
2021-07-26T09:56:18,1000.0,3.05,B
2021-07-26T09:56:13,50000.0,3.05,B
2021-07-26T09:56:06,200.0,3.05,B
2021-07-26T09:55:48,200.0,3.05,B
2021-07-26T09:55:32,400.0,3.05,B
2021-07-26T09:55:26,400.0,3.05,B
2021-07-26T09:55:06,600.0,3.05,B
2021-07-26T09:55:04,1000.0,3.05,B
2021-07-26T09:55:00,600.0,3.05,B
2021-07-26T09:54:57,80000.0,3.05,B
2021-07-26T09:54:37,500.0,3.05,B
2021-07-26T09:53:57,57200.0,3.05,S
2021-07-26T09:53:44,2000.0,3.05,S
2021-07-26T09:53:02,11800.0,3.05,B
2021-07-26T09:52:26,600.0,3.05,B
2021-07-26T09:51:50,600.0,3.05,B
2021-07-26T09:51:07,900.0,3.05,B
2021-07-26T09:50:54,100.0,3.05,B
2021-07-26T09:50:42,1000.0,3.05,B
2021-07-26T09:50:42,4000.0,3.05,B
2021-07-26T09:50:31,100.0,3.05,B
2021-07-26T09:50:21,5000.0,3.05,B
2021-07-26T09:49:54,5000.0,3.05,B
2021-07-26T09:49:41,300.0,3.05,B
2021-07-26T09:49:34,5000.0,3.05,B
2021-07-26T09:48:48,1000.0,3.05,B
2021-07-26T09:48:38,2000.0,3.05,B
2021-07-26T09:47:57,5500.0,3.04,B
2021-07-26T09:47:56,10000.0,3.04,B
2021-07-26T09:47:46,1500.0,3.04,B
2021-07-26T09:47:31,500.0,3.04,B
2021-07-26T09:47:04,4000.0,3.04,S
2021-07-26T09:47:02,1000.0,3.04,S
2021-07-26T09:46:56,20000.0,3.04,S
2021-07-26T09:46:51,500.0,3.04,S
2021-07-26T09:46:24,1000.0,3.04,S
2021-07-26T09:46:05,5000.0,3.04,S
2021-07-26T09:45:38,400.0,3.04,S
2021-07-26T09:45:28,300.0,3.04,S
2021-07-26T09:44:30,1000.0,3.04,S
2021-07-26T09:44:29,94100.0,3.04,S
2021-07-26T09:44:29,5500.0,3.04,S
2021-07-26T09:44:29,21000.0,3.04,S
2021-07-26T09:44:29,100.0,3.04,S
2021-07-26T09:44:29,5900.0,3.04,S
2021-07-26T09:44:29,900.0,3.05,S
2021-07-26T09:44:29,1000.0,3.05,S
2021-07-26T09:44:29,1500.0,3.05,S
2021-07-26T09:44:29,4000.0,3.05,S
2021-07-26T09:44:29,12400.0,3.05,S
2021-07-26T09:44:29,53600.0,3.05,S
2021-07-26T09:44:17,3000.0,3.05,S
2021-07-26T09:44:03,200.0,3.05,S
2021-07-26T09:43:37,100.0,3.05,S
2021-07-26T09:43:34,400.0,3.05,S
2021-07-26T09:43:16,5000.0,3.05,S
2021-07-26T09:43:00,2000.0,3.05,S
2021-07-26T09:41:48,3000.0,3.05,S
2021-07-26T09:41:40,100.0,3.06,B
2021-07-26T09:41:02,300.0,3.06,B
2021-07-26T09:40:59,10400.0,3.05,S
2021-07-26T09:40:49,100.0,3.05,S
2021-07-26T09:40:19,200.0,3.05,S
2021-07-26T09:40:01,10000.0,3.05,S
2021-07-26T09:39:29,100.0,3.05,S
2021-07-26T09:39:19,500.0,3.05,S
2021-07-26T09:38:39,3200.0,3.06,B
2021-07-26T09:38:36,2000.0,3.05,S
2021-07-26T09:37:57,100.0,3.06,B
2021-07-26T09:37:01,1000.0,3.06,B
2021-07-26T09:36:48,1000.0,3.05,S
2021-07-26T09:36:31,100.0,3.05,S
2021-07-26T09:36:08,8000.0,3.05,S
2021-07-26T09:36:05,500.0,3.06,B
2021-07-26T09:35:55,20000.0,3.05,S
2021-07-26T09:35:20,500.0,3.05,S
2021-07-26T09:34:57,50000.0,3.05,S
2021-07-26T09:33:57,300.0,3.05,S
2021-07-26T09:33:47,59900.0,3.05,B
2021-07-26T09:33:31,100.0,3.05,B
2021-07-26T09:33:17,1000.0,3.05,B
2021-07-26T09:33:17,9400.0,3.04,S
2021-07-26T09:32:54,500.0,3.04,S
2021-07-26T09:32:47,20000.0,3.04,S
2021-07-26T09:32:29,6400.0,3.04,S
2021-07-26T09:32:28,600.0,3.04,B
2021-07-26T09:32:24,1000.0,3.04,B
2021-07-26T09:32:15,1400.0,3.04,S
2021-07-26T09:32:15,10900.0,3.04,S
2021-07-26T09:32:06,1100.0,3.05,B
2021-07-26T09:31:59,200.0,3.05,B
2021-07-26T09:31:45,800.0,3.04,S
2021-07-26T09:31:41,500.0,3.05,B
2021-07-26T09:31:41,3800.0,3.05,S
2021-07-26T09:31:39,2000.0,3.05,S
2021-07-26T09:31:30,14200.0,3.05,B
2021-07-26T09:31:14,800.0,3.04,S
2021-07-26T09:31:03,100.0,3.04,S
2021-07-26T09:30:41,6000.0,3.04,S
2021-07-26T09:30:37,1100.0,3.04,B
2021-07-26T09:30:22,10000.0,3.04,B
2021-07-26T09:30:22,800.0,3.04,B
2021-07-26T09:30:20,200.0,3.04,B
2021-07-26T09:30:11,15000.0,3.04,B
2021-07-26T09:29:59,1000.0,3.04,B
2021-07-26T09:29:54,300.0,3.04,B
2021-07-26T09:29:34,600.0,3.04,S
2021-07-26T09:29:24,5000.0,3.04,S
2021-07-26T09:29:19,100.0,3.04,S
2021-07-26T09:28:40,1000.0,3.04,S
2021-07-26T09:28:24,2900.0,3.04,S
2021-07-26T09:28:23,12200.0,3.04,S
2021-07-26T09:28:05,700.0,3.04,S
2021-07-26T09:28:05,9700.0,3.04,S
2021-07-26T09:27:52,1900.0,3.05,S
2021-07-26T09:27:49,1400.0,3.05,S
2021-07-26T09:27:49,8600.0,3.05,S
2021-07-26T09:27:48,1400.0,3.05,S
2021-07-26T09:27:48,3600.0,3.05,S
2021-07-26T09:27:44,1500.0,3.05,S
2021-07-26T09:27:33,1300.0,3.05,S
2021-07-26T09:27:33,1000.0,3.05,S
2021-07-26T09:27:30,300.0,3.05,S
2021-07-26T09:27:29,5000.0,3.05,S
2021-07-26T09:27:12,10000.0,3.05,S
2021-07-26T09:26:41,200.0,3.06,B
2021-07-26T09:26:37,9000.0,3.06,S
2021-07-26T09:26:31,3000.0,3.06,S
2021-07-26T09:26:00,5000.0,3.06,S
2021-07-26T09:25:54,22500.0,3.06,S
2021-07-26T09:25:50,3000.0,3.06,S
2021-07-26T09:25:26,100.0,3.07,B
2021-07-26T09:25:20,2200.0,3.07,B
2021-07-26T09:25:14,5000.0,3.07,B
2021-07-26T09:24:35,2000.0,3.08,B
2021-07-26T09:24:17,900.0,3.06,B
2021-07-26T09:24:12,5000.0,3.06,B
2021-07-26T09:23:56,1000.0,3.06,B
2021-07-26T09:23:46,2200.0,3.06,S
2021-07-26T09:23:46,9400.0,3.06,S
2021-07-26T09:23:39,2000.0,3.07,B
2021-07-26T09:23:19,800.0,3.06,S
2021-07-26T09:22:16,1500.0,3.05,S
2021-07-26T09:22:06,800.0,3.06,B
2021-07-26T09:21:49,200.0,3.06,B
2021-07-26T09:21:44,500.0,3.06,B
2021-07-26T09:21:39,100.0,3.06,B
2021-07-26T09:21:25,300.0,3.06,B
2021-07-26T09:21:23,1000.0,3.06,B
2021-07-26T09:20:59,5000.0,3.05,S
2021-07-26T09:20:56,100.0,3.06,S
2021-07-26T09:20:36,200.0,3.06,B
2021-07-26T09:20:15,500.0,3.06,B
2021-07-26T09:19:44,6100.0,3.05,S
2021-07-26T09:19:30,3000.0,3.05,B
2021-07-26T09:19:24,5000.0,3.05,B
2021-07-26T09:19:17,3000.0,3.04,S
2021-07-26T09:18:54,1000.0,3.05,B
2021-07-26T09:18:49,900.0,3.05,B
2021-07-26T09:18:39,5900.0,3.05,B
2021-07-26T09:18:24,500.0,3.05,S
2021-07-26T09:17:42,500.0,3.05,S
2021-07-26T09:17:17,2000.0,3.05,S
2021-07-26T09:16:48,900.0,3.05,S
2021-07-26T09:16:30,100.0,3.05,S
2021-07-26T09:16:23,200.0,3.05,S
2021-07-26T09:16:20,200.0,3.05,S
2021-07-26T09:15:56,500.0,3.05,S
2021-07-26T09:15:49,2900.0,3.05,B
2021-07-26T09:15:48,1900.0,3.04,S
2021-07-26T09:15:44,2000.0,3.05,B
2021-07-26T09:15:36,1000.0,3.05,B
