tradingTime,volume,price,side
2021-07-26T11:29:58,800.0,48.0,B
2021-07-26T11:29:58,4200.0,48.0,B
2021-07-26T11:29:48,600.0,48.0,B
2021-07-26T11:29:40,3000.0,48.0,B
2021-07-26T11:29:30,500.0,47.8,S
2021-07-26T11:27:17,500.0,47.8,S
2021-07-26T11:26:52,500.0,47.8,B
2021-07-26T11:26:32,1000.0,47.8,S
2021-07-26T11:24:35,1100.0,47.6,S
2021-07-26T11:24:35,100.0,47.6,S
2021-07-26T11:24:35,1600.0,47.7,S
2021-07-26T11:22:21,500.0,47.6,B
2021-07-26T11:22:19,1000.0,47.6,S
2021-07-26T11:22:17,2200.0,47.6,S
2021-07-26T11:22:16,1000.0,47.6,B
2021-07-26T11:22:11,300.0,47.6,B
2021-07-26T11:22:10,200.0,47.6,B
2021-07-26T11:21:59,200.0,47.6,B
2021-07-26T11:21:32,2000.0,47.6,B
2021-07-26T11:21:21,200.0,47.6,B
2021-07-26T11:21:19,500.0,47.6,B
2021-07-26T11:20:46,200.0,47.6,B
2021-07-26T11:20:43,1000.0,47.6,B
2021-07-26T11:20:17,100.0,47.6,B
2021-07-26T11:19:51,200.0,47.6,B
2021-07-26T11:19:43,600.0,47.6,B
2021-07-26T11:19:43,6500.0,47.6,S
2021-07-26T11:19:43,900.0,47.6,S
2021-07-26T11:19:42,600.0,47.6,S
2021-07-26T11:17:53,2000.0,47.6,S
2021-07-26T11:17:53,1000.0,47.6,S
2021-07-26T11:17:53,900.0,47.6,S
2021-07-26T11:17:24,700.0,47.65,S
2021-07-26T11:17:24,500.0,47.65,S
2021-07-26T11:17:24,800.0,47.65,S
2021-07-26T11:16:49,100.0,47.7,B
2021-07-26T11:16:13,300.0,47.7,B
2021-07-26T11:16:05,100.0,47.7,B
2021-07-26T11:15:35,600.0,47.7,S
2021-07-26T11:15:12,100.0,47.7,S
2021-07-26T11:14:59,100.0,47.7,S
2021-07-26T11:14:44,100.0,47.7,S
2021-07-26T11:14:23,100.0,47.7,S
2021-07-26T11:14:20,400.0,47.7,B
2021-07-26T11:13:53,2000.0,47.7,B
2021-07-26T11:13:46,500.0,47.7,B
2021-07-26T11:13:41,200.0,47.7,B
2021-07-26T11:13:39,500.0,47.7,B
2021-07-26T11:13:37,1000.0,47.7,B
2021-07-26T11:13:18,800.0,47.7,S
2021-07-26T11:13:07,100.0,47.7,S
2021-07-26T11:13:03,300.0,47.7,S
2021-07-26T11:13:03,100.0,47.7,S
2021-07-26T11:13:03,100.0,47.7,S
2021-07-26T11:12:55,100.0,47.7,S
2021-07-26T11:12:44,100.0,47.7,S
2021-07-26T11:12:42,1200.0,47.7,B
2021-07-26T11:11:57,4200.0,47.7,S
2021-07-26T11:11:53,500.0,47.75,S
2021-07-26T11:11:43,200.0,47.75,S
2021-07-26T11:11:31,100.0,47.75,S
2021-07-26T11:11:28,100.0,47.75,S
2021-07-26T11:10:50,1800.0,47.9,B
2021-07-26T11:09:40,600.0,47.85,B
2021-07-26T11:09:26,100.0,47.75,S
2021-07-26T11:09:24,100.0,47.75,B
2021-07-26T11:09:16,100.0,47.7,S
2021-07-26T11:09:03,100.0,47.7,S
2021-07-26T11:09:02,2500.0,47.7,S
2021-07-26T11:08:52,200.0,47.7,S
2021-07-26T11:08:44,200.0,47.7,S
2021-07-26T11:08:39,100.0,47.7,S
2021-07-26T11:08:24,100.0,47.7,S
2021-07-26T11:08:15,100.0,47.7,S
2021-07-26T11:08:03,200.0,47.7,S
2021-07-26T11:08:00,100.0,47.7,S
2021-07-26T11:07:57,100.0,47.75,B
2021-07-26T11:07:49,200.0,47.7,S
2021-07-26T11:07:38,100.0,47.7,S
2021-07-26T11:07:25,100.0,47.7,S
2021-07-26T11:07:13,200.0,47.7,S
2021-07-26T11:07:09,100.0,47.7,S
2021-07-26T11:07:05,200.0,47.75,B
2021-07-26T11:07:00,100.0,47.7,S
2021-07-26T11:06:51,200.0,47.7,S
2021-07-26T11:06:49,100.0,47.7,S
2021-07-26T11:06:36,100.0,47.7,S
2021-07-26T11:06:24,100.0,47.7,S
2021-07-26T11:06:12,100.0,47.7,S
2021-07-26T11:06:09,1000.0,47.7,S
2021-07-26T11:05:54,200.0,47.75,B
2021-07-26T11:05:37,500.0,47.75,S
2021-07-26T11:05:12,100.0,47.85,B
2021-07-26T11:04:21,100.0,47.85,S
2021-07-26T11:04:11,400.0,47.85,S
2021-07-26T11:03:36,200.0,47.95,B
2021-07-26T11:03:32,100.0,47.95,S
2021-07-26T11:03:19,200.0,47.95,S
2021-07-26T11:03:08,100.0,47.95,S
2021-07-26T11:03:08,1400.0,47.95,S
2021-07-26T11:02:36,100.0,47.95,B
2021-07-26T11:02:06,700.0,47.95,S
2021-07-26T11:01:55,300.0,47.95,B
2021-07-26T11:01:50,100.0,47.95,S
2021-07-26T11:01:41,100.0,47.95,S
2021-07-26T11:01:39,200.0,47.95,S
2021-07-26T11:01:31,100.0,47.95,S
2021-07-26T11:01:26,900.0,47.95,S
2021-07-26T11:01:17,100.0,47.95,S
2021-07-26T11:01:07,100.0,47.95,S
2021-07-26T11:01:06,700.0,47.95,B
2021-07-26T11:01:06,100.0,47.85,B
2021-07-26T11:01:06,100.0,47.85,B
2021-07-26T11:00:40,100.0,47.85,S
2021-07-26T11:00:31,400.0,47.8,B
2021-07-26T11:00:28,500.0,47.7,S
2021-07-26T10:59:39,200.0,47.8,S
2021-07-26T10:59:31,1000.0,47.8,S
2021-07-26T10:59:31,4000.0,47.8,S
2021-07-26T10:58:59,100.0,47.95,B
2021-07-26T10:58:59,200.0,47.95,B
2021-07-26T10:58:59,200.0,47.95,B
2021-07-26T10:58:09,400.0,47.95,B
2021-07-26T10:57:59,100.0,47.8,S
2021-07-26T10:57:49,200.0,47.8,S
2021-07-26T10:57:36,100.0,47.8,S
2021-07-26T10:57:24,100.0,47.8,S
2021-07-26T10:57:12,100.0,47.8,S
2021-07-26T10:56:59,100.0,47.8,S
2021-07-26T10:56:48,100.0,47.8,S
2021-07-26T10:56:38,5000.0,47.8,S
2021-07-26T10:56:36,100.0,47.9,S
2021-07-26T10:56:34,100.0,47.9,B
2021-07-26T10:56:22,300.0,47.9,S
2021-07-26T10:56:10,100.0,47.9,S
2021-07-26T10:56:04,700.0,47.9,S
2021-07-26T10:56:04,1300.0,47.9,S
2021-07-26T10:54:45,1000.0,48.0,B
2021-07-26T10:54:26,3500.0,48.0,B
2021-07-26T10:54:21,100.0,48.0,S
2021-07-26T10:54:07,100.0,48.0,S
2021-07-26T10:53:59,500.0,48.0,B
2021-07-26T10:53:59,800.0,48.0,B
2021-07-26T10:53:54,700.0,48.0,B
2021-07-26T10:53:54,100.0,48.0,B
2021-07-26T10:53:54,1800.0,48.0,B
2021-07-26T10:53:54,2400.0,48.0,B
2021-07-26T10:52:40,1000.0,48.0,B
2021-07-26T10:52:24,7700.0,48.0,B
2021-07-26T10:52:24,500.0,48.0,B
2021-07-26T10:52:24,400.0,48.0,B
2021-07-26T10:52:24,1400.0,48.0,B
2021-07-26T10:51:59,400.0,48.0,B
2021-07-26T10:51:59,100.0,48.0,B
2021-07-26T10:51:54,100.0,47.9,S
2021-07-26T10:51:40,100.0,47.9,S
2021-07-26T10:51:28,100.0,47.9,S
2021-07-26T10:51:24,400.0,47.9,B
2021-07-26T10:51:03,500.0,47.9,B
2021-07-26T10:50:49,1000.0,47.9,B
2021-07-26T10:50:32,500.0,47.9,B
2021-07-26T10:50:27,100.0,47.9,B
2021-07-26T10:50:19,2000.0,47.9,B
2021-07-26T10:49:23,4000.0,47.9,B
2021-07-26T10:49:13,100.0,47.8,S
2021-07-26T10:49:02,100.0,47.8,S
2021-07-26T10:48:48,100.0,47.8,S
2021-07-26T10:48:44,300.0,47.8,S
2021-07-26T10:48:40,2000.0,47.8,S
2021-07-26T10:48:37,100.0,47.85,S
2021-07-26T10:48:34,300.0,47.85,B
2021-07-26T10:48:34,100.0,47.85,B
2021-07-26T10:48:33,100.0,47.85,B
2021-07-26T10:48:04,1000.0,47.85,B
2021-07-26T10:48:04,100.0,47.85,B
2021-07-26T10:48:04,100.0,47.85,B
2021-07-26T10:48:00,100.0,47.8,S
2021-07-26T10:47:54,4400.0,47.8,B
2021-07-26T10:47:25,500.0,47.8,B
2021-07-26T10:47:08,500.0,47.8,B
2021-07-26T10:46:59,100.0,47.6,S
2021-07-26T10:46:46,100.0,47.6,S
2021-07-26T10:46:35,100.0,47.6,S
2021-07-26T10:46:21,200.0,47.6,S
2021-07-26T10:46:09,100.0,47.6,S
2021-07-26T10:45:57,100.0,47.6,S
2021-07-26T10:45:45,200.0,47.6,B
2021-07-26T10:45:45,100.0,47.6,B
2021-07-26T10:45:13,8400.0,47.6,S
2021-07-26T10:45:12,1600.0,47.7,S
2021-07-26T10:45:09,200.0,47.7,S
2021-07-26T10:45:08,100.0,47.7,S
2021-07-26T10:44:57,3000.0,47.7,S
2021-07-26T10:44:55,100.0,47.7,S
2021-07-26T10:44:48,5000.0,47.7,S
2021-07-26T10:44:44,100.0,47.7,S
2021-07-26T10:44:32,200.0,47.7,S
2021-07-26T10:44:19,100.0,47.7,S
2021-07-26T10:44:06,100.0,47.7,S
2021-07-26T10:43:54,100.0,47.7,S
2021-07-26T10:43:44,200.0,47.7,S
2021-07-26T10:43:44,100.0,47.7,S
2021-07-26T10:43:44,1700.0,47.7,S
2021-07-26T10:43:43,100.0,47.7,S
2021-07-26T10:43:30,100.0,47.7,S
2021-07-26T10:43:21,100.0,47.7,S
2021-07-26T10:42:44,500.0,47.8,B
2021-07-26T10:42:42,100.0,47.8,B
2021-07-26T10:42:40,200.0,47.7,S
2021-07-26T10:42:32,300.0,47.7,S
2021-07-26T10:42:31,1100.0,47.8,S
2021-07-26T10:42:30,200.0,47.8,S
2021-07-26T10:42:27,100.0,47.8,S
2021-07-26T10:42:27,500.0,47.8,S
2021-07-26T10:42:16,1000.0,47.8,S
2021-07-26T10:42:16,100.0,47.8,S
2021-07-26T10:42:04,100.0,47.8,S
2021-07-26T10:41:52,100.0,47.8,S
2021-07-26T10:41:40,100.0,47.8,S
2021-07-26T10:41:28,100.0,47.8,S
2021-07-26T10:41:16,100.0,47.8,S
2021-07-26T10:41:02,100.0,47.8,S
2021-07-26T10:40:50,100.0,47.8,S
2021-07-26T10:40:38,200.0,47.8,S
2021-07-26T10:40:26,100.0,47.8,S
2021-07-26T10:40:12,100.0,47.8,S
2021-07-26T10:40:01,100.0,47.8,S
2021-07-26T10:39:50,500.0,47.8,S
2021-07-26T10:39:49,100.0,47.8,S
2021-07-26T10:39:36,100.0,47.8,S
2021-07-26T10:39:30,100.0,47.8,S
2021-07-26T10:39:24,100.0,47.8,S
2021-07-26T10:39:12,100.0,47.8,S
2021-07-26T10:39:00,100.0,47.8,S
2021-07-26T10:38:52,2000.0,47.8,S
2021-07-26T10:38:47,200.0,47.8,S
2021-07-26T10:38:45,1000.0,47.8,S
2021-07-26T10:38:39,3800.0,47.8,S
2021-07-26T10:38:38,100.0,47.8,S
2021-07-26T10:38:36,100.0,47.8,S
2021-07-26T10:38:36,200.0,47.8,S
2021-07-26T10:38:35,300.0,47.8,S
2021-07-26T10:38:35,100.0,47.8,S
2021-07-26T10:38:23,100.0,47.8,S
2021-07-26T10:38:16,2200.0,47.8,S
2021-07-26T10:38:16,1100.0,47.8,S
2021-07-26T10:38:09,100.0,47.85,B
2021-07-26T10:37:31,100.0,47.85,S
2021-07-26T10:37:22,100.0,47.85,S
2021-07-26T10:37:22,2000.0,47.85,S
2021-07-26T10:37:10,100.0,47.85,S
2021-07-26T10:36:56,200.0,47.85,S
2021-07-26T10:36:45,200.0,47.85,S
2021-07-26T10:36:45,200.0,47.85,S
2021-07-26T10:36:32,100.0,47.85,S
2021-07-26T10:36:20,100.0,47.85,S
2021-07-26T10:36:08,200.0,47.85,S
2021-07-26T10:35:56,100.0,47.85,S
2021-07-26T10:35:44,100.0,47.85,S
2021-07-26T10:35:38,600.0,47.85,S
2021-07-26T10:35:29,1600.0,47.9,B
2021-07-26T10:34:42,300.0,47.9,S
2021-07-26T10:34:42,17300.0,47.9,S
2021-07-26T10:33:49,1000.0,48.0,B
2021-07-26T10:33:41,200.0,47.9,S
2021-07-26T10:33:38,1000.0,47.9,S
2021-07-26T10:33:38,200.0,47.9,S
2021-07-26T10:33:38,600.0,47.9,S
2021-07-26T10:33:38,200.0,47.95,S
2021-07-26T10:33:38,400.0,47.95,S
2021-07-26T10:33:38,2000.0,47.95,S
2021-07-26T10:33:38,200.0,47.95,S
2021-07-26T10:33:38,400.0,47.95,S
2021-07-26T10:33:22,100.0,48.0,B
2021-07-26T10:32:57,300.0,48.0,B
2021-07-26T10:32:44,500.0,48.0,B
2021-07-26T10:31:55,500.0,48.0,S
2021-07-26T10:31:53,5000.0,48.0,S
2021-07-26T10:31:50,100.0,48.0,S
2021-07-26T10:31:39,100.0,48.0,S
2021-07-26T10:31:27,100.0,48.0,S
2021-07-26T10:31:18,800.0,48.0,S
2021-07-26T10:31:14,100.0,48.0,S
2021-07-26T10:31:01,200.0,48.0,S
2021-07-26T10:30:51,100.0,48.0,S
2021-07-26T10:30:42,300.0,48.1,B
2021-07-26T10:30:41,300.0,48.0,S
2021-07-26T10:29:59,2000.0,48.1,B
2021-07-26T10:29:48,100.0,48.0,S
2021-07-26T10:29:35,100.0,48.0,S
2021-07-26T10:29:23,100.0,48.0,S
2021-07-26T10:29:17,5000.0,48.0,S
2021-07-26T10:29:11,100.0,48.0,S
2021-07-26T10:28:59,100.0,48.0,S
2021-07-26T10:28:46,100.0,48.0,S
2021-07-26T10:28:34,100.0,48.0,S
2021-07-26T10:28:32,500.0,48.0,S
2021-07-26T10:28:30,100.0,48.0,S
2021-07-26T10:28:22,200.0,48.0,S
2021-07-26T10:28:10,100.0,48.0,S
2021-07-26T10:27:58,100.0,48.0,S
2021-07-26T10:27:45,100.0,48.0,S
2021-07-26T10:27:32,100.0,48.0,S
2021-07-26T10:27:21,100.0,48.0,S
2021-07-26T10:27:08,100.0,48.0,S
2021-07-26T10:26:57,100.0,48.0,S
2021-07-26T10:26:45,100.0,48.0,S
2021-07-26T10:26:31,100.0,48.0,S
2021-07-26T10:26:26,400.0,48.0,B
2021-07-26T10:26:21,200.0,48.0,B
2021-07-26T10:26:15,2500.0,48.0,S
2021-07-26T10:26:06,100.0,48.0,S
2021-07-26T10:25:55,100.0,48.0,S
2021-07-26T10:25:50,100.0,48.0,S
2021-07-26T10:25:43,200.0,48.0,S
2021-07-26T10:25:30,100.0,48.0,S
2021-07-26T10:25:28,500.0,48.0,S
2021-07-26T10:25:18,100.0,48.0,S
2021-07-26T10:25:07,100.0,48.0,S
2021-07-26T10:24:53,100.0,48.0,S
2021-07-26T10:24:42,100.0,48.0,S
2021-07-26T10:24:29,100.0,48.0,S
2021-07-26T10:24:17,100.0,48.0,S
2021-07-26T10:24:04,100.0,48.0,S
2021-07-26T10:23:55,200.0,48.0,B
2021-07-26T10:23:55,400.0,48.0,B
2021-07-26T10:23:26,700.0,48.0,B
2021-07-26T10:23:15,200.0,47.95,S
2021-07-26T10:23:02,100.0,47.95,S
2021-07-26T10:22:51,100.0,47.95,S
2021-07-26T10:22:38,100.0,47.95,S
2021-07-26T10:22:26,100.0,47.95,S
2021-07-26T10:22:14,100.0,47.95,S
2021-07-26T10:22:02,100.0,47.95,S
2021-07-26T10:21:50,100.0,47.95,S
2021-07-26T10:21:40,100.0,47.95,S
2021-07-26T10:21:36,100.0,47.95,S
2021-07-26T10:21:26,100.0,47.95,S
2021-07-26T10:21:22,1400.0,47.95,S
2021-07-26T10:21:13,100.0,47.95,S
2021-07-26T10:21:05,500.0,47.95,S
2021-07-26T10:21:00,100.0,48.0,S
2021-07-26T10:20:47,100.0,48.0,S
2021-07-26T10:20:36,800.0,48.0,S
2021-07-26T10:20:36,1200.0,48.0,S
2021-07-26T10:20:36,200.0,48.0,S
2021-07-26T10:20:24,100.0,48.0,S
2021-07-26T10:20:10,100.0,48.0,S
2021-07-26T10:19:59,100.0,48.0,S
2021-07-26T10:19:47,100.0,48.0,S
2021-07-26T10:19:34,100.0,48.0,S
2021-07-26T10:19:30,100.0,48.0,B
2021-07-26T10:19:30,100.0,48.0,B
2021-07-26T10:19:30,500.0,48.0,B
2021-07-26T10:18:31,1000.0,48.0,B
2021-07-26T10:18:21,100.0,47.95,S
2021-07-26T10:18:09,100.0,47.95,S
2021-07-26T10:17:55,200.0,47.95,S
2021-07-26T10:17:45,100.0,47.95,S
2021-07-26T10:17:32,100.0,47.95,S
2021-07-26T10:17:19,100.0,47.95,S
2021-07-26T10:17:07,100.0,47.95,S
2021-07-26T10:16:55,100.0,47.95,S
2021-07-26T10:16:43,100.0,47.95,S
2021-07-26T10:16:28,100.0,47.95,S
2021-07-26T10:16:18,100.0,47.95,S
2021-07-26T10:16:07,100.0,47.95,S
2021-07-26T10:15:55,100.0,47.95,S
2021-07-26T10:15:54,100.0,47.95,B
2021-07-26T10:15:41,100.0,47.9,S
2021-07-26T10:15:32,1800.0,47.9,S
2021-07-26T10:15:32,1500.0,47.9,S
2021-07-26T10:15:32,1700.0,47.9,S
2021-07-26T10:15:23,200.0,47.95,B
2021-07-26T10:15:23,100.0,47.95,B
2021-07-26T10:15:21,200.0,47.95,B
2021-07-26T10:15:03,500.0,47.95,B
2021-07-26T10:14:50,1600.0,47.95,S
2021-07-26T10:14:40,100.0,48.0,S
2021-07-26T10:14:28,100.0,48.0,S
2021-07-26T10:14:26,100.0,48.0,B
2021-07-26T10:14:14,100.0,48.0,B
2021-07-26T10:14:14,300.0,48.0,B
2021-07-26T10:14:03,600.0,48.0,B
2021-07-26T10:14:03,200.0,48.0,B
2021-07-26T10:13:38,100.0,48.0,B
2021-07-26T10:13:38,400.0,48.0,B
2021-07-26T10:13:14,200.0,48.0,B
2021-07-26T10:13:10,500.0,48.0,B
2021-07-26T10:13:10,100.0,48.0,B
2021-07-26T10:13:10,1400.0,48.0,B
2021-07-26T10:13:02,100.0,47.95,S
2021-07-26T10:12:51,100.0,47.95,S
2021-07-26T10:12:38,200.0,47.95,S
2021-07-26T10:12:36,200.0,47.95,S
2021-07-26T10:12:25,100.0,47.95,S
2021-07-26T10:12:24,900.0,47.95,S
2021-07-26T10:12:20,500.0,47.95,S
2021-07-26T10:12:13,100.0,47.95,S
2021-07-26T10:12:00,100.0,47.95,S
2021-07-26T10:11:48,100.0,47.95,S
2021-07-26T10:11:36,100.0,47.95,S
2021-07-26T10:11:24,100.0,47.95,S
2021-07-26T10:11:11,100.0,47.95,S
2021-07-26T10:11:01,100.0,47.95,B
2021-07-26T10:10:59,100.0,47.9,S
2021-07-26T10:10:47,100.0,47.9,S
2021-07-26T10:10:35,100.0,47.9,S
2021-07-26T10:10:21,100.0,47.9,S
2021-07-26T10:10:10,200.0,47.9,S
2021-07-26T10:09:59,100.0,47.9,S
2021-07-26T10:09:45,100.0,47.9,S
2021-07-26T10:09:33,100.0,47.9,S
2021-07-26T10:09:20,100.0,47.9,S
2021-07-26T10:09:09,100.0,47.9,S
2021-07-26T10:08:58,100.0,47.8,S
2021-07-26T10:08:44,100.0,47.8,S
2021-07-26T10:08:31,100.0,47.8,S
2021-07-26T10:08:20,100.0,47.8,S
2021-07-26T10:08:07,100.0,47.8,S
2021-07-26T10:07:56,100.0,47.8,S
2021-07-26T10:07:42,100.0,47.8,S
2021-07-26T10:07:30,200.0,47.8,S
2021-07-26T10:07:19,200.0,47.8,S
2021-07-26T10:07:18,100.0,47.8,S
2021-07-26T10:07:06,100.0,47.8,S
2021-07-26T10:06:54,100.0,47.8,S
2021-07-26T10:06:42,100.0,47.8,S
2021-07-26T10:06:29,100.0,47.8,S
2021-07-26T10:06:17,100.0,47.8,S
2021-07-26T10:06:04,100.0,47.8,S
2021-07-26T10:05:52,100.0,47.8,S
2021-07-26T10:05:40,100.0,47.8,S
2021-07-26T10:05:30,6000.0,47.8,S
2021-07-26T10:05:16,1000.0,47.95,B
2021-07-26T10:03:35,800.0,48.0,B
2021-07-26T10:03:24,100.0,47.85,S
2021-07-26T10:03:14,100.0,47.85,S
2021-07-26T10:03:01,100.0,47.85,S
2021-07-26T10:03:00,100.0,47.85,B
2021-07-26T10:03:00,300.0,47.85,B
2021-07-26T10:02:49,100.0,47.8,S
2021-07-26T10:02:36,100.0,47.8,S
2021-07-26T10:02:24,100.0,47.8,S
2021-07-26T10:02:16,200.0,47.8,S
2021-07-26T10:02:12,200.0,47.8,S
2021-07-26T10:01:59,100.0,47.8,S
2021-07-26T10:01:56,2000.0,47.8,S
2021-07-26T10:01:48,400.0,47.8,S
2021-07-26T10:01:47,100.0,47.8,S
2021-07-26T10:01:39,2000.0,47.8,S
2021-07-26T10:01:32,100.0,47.85,S
2021-07-26T10:01:05,500.0,47.9,S
2021-07-26T10:00:14,500.0,48.0,B
2021-07-26T10:00:09,100.0,48.0,S
2021-07-26T10:00:07,400.0,48.0,B
2021-07-26T09:59:32,900.0,48.0,S
2021-07-26T09:59:32,100.0,48.0,S
2021-07-26T09:59:27,800.0,48.0,S
2021-07-26T09:59:13,1000.0,48.1,S
2021-07-26T09:58:55,500.0,48.2,B
2021-07-26T09:58:43,600.0,48.2,B
2021-07-26T09:58:43,100.0,48.1,S
2021-07-26T09:58:31,100.0,48.1,S
2021-07-26T09:58:30,300.0,48.1,B
2021-07-26T09:58:24,1000.0,48.0,S
2021-07-26T09:58:19,100.0,48.0,S
2021-07-26T09:58:06,100.0,48.0,S
2021-07-26T09:57:54,100.0,48.0,S
2021-07-26T09:57:45,100.0,48.0,S
2021-07-26T09:57:41,100.0,48.0,S
2021-07-26T09:57:30,100.0,48.0,S
2021-07-26T09:57:20,300.0,48.0,S
2021-07-26T09:57:17,100.0,48.0,S
2021-07-26T09:57:14,400.0,48.0,B
2021-07-26T09:57:06,4300.0,48.0,B
2021-07-26T09:57:06,200.0,48.0,B
2021-07-26T09:56:15,100.0,48.0,B
2021-07-26T09:56:06,300.0,48.0,B
2021-07-26T09:56:00,1400.0,48.0,S
2021-07-26T09:55:51,100.0,48.0,S
2021-07-26T09:55:44,100.0,48.0,B
2021-07-26T09:55:42,3800.0,48.0,B
2021-07-26T09:55:36,300.0,48.0,B
2021-07-26T09:55:35,700.0,48.0,B
2021-07-26T09:55:27,100.0,47.85,S
2021-07-26T09:55:15,100.0,47.8,S
2021-07-26T09:55:00,100.0,47.8,S
2021-07-26T09:54:51,100.0,47.8,S
2021-07-26T09:54:50,1500.0,48.0,B
2021-07-26T09:54:41,100.0,47.8,S
2021-07-26T09:54:33,1500.0,47.8,S
2021-07-26T09:54:26,200.0,47.7,S
2021-07-26T09:54:13,100.0,47.7,S
2021-07-26T09:54:01,100.0,47.7,S
2021-07-26T09:53:49,100.0,47.7,S
2021-07-26T09:53:37,100.0,47.7,S
2021-07-26T09:53:31,100.0,47.7,B
2021-07-26T09:53:31,100.0,47.7,B
2021-07-26T09:53:31,300.0,47.7,B
2021-07-26T09:53:24,200.0,47.7,B
2021-07-26T09:53:24,100.0,47.7,B
2021-07-26T09:53:24,1700.0,47.7,B
2021-07-26T09:53:03,900.0,47.7,B
2021-07-26T09:53:00,100.0,47.65,S
2021-07-26T09:52:47,100.0,47.65,S
2021-07-26T09:52:35,100.0,47.65,S
2021-07-26T09:52:23,100.0,47.65,S
2021-07-26T09:52:11,100.0,47.65,S
2021-07-26T09:51:59,1000.0,47.65,S
2021-07-26T09:51:59,800.0,47.7,B
2021-07-26T09:51:48,400.0,47.7,B
2021-07-26T09:51:35,500.0,47.7,B
2021-07-26T09:51:32,500.0,47.7,B
2021-07-26T09:51:29,400.0,47.7,B
2021-07-26T09:51:04,4300.0,47.7,B
2021-07-26T09:50:57,100.0,47.65,S
2021-07-26T09:50:45,100.0,47.65,S
2021-07-26T09:50:33,100.0,47.65,S
2021-07-26T09:50:19,100.0,47.6,S
2021-07-26T09:50:15,1000.0,47.6,B
2021-07-26T09:50:14,700.0,47.6,B
2021-07-26T09:50:04,400.0,47.6,B
2021-07-26T09:49:45,100.0,47.6,B
2021-07-26T09:49:45,400.0,47.6,B
2021-07-26T09:49:36,1000.0,47.6,B
2021-07-26T09:49:02,1100.0,47.6,S
2021-07-26T09:48:54,100.0,47.5,S
2021-07-26T09:48:43,100.0,47.5,S
2021-07-26T09:48:30,100.0,47.5,S
2021-07-26T09:48:28,100.0,47.5,B
2021-07-26T09:48:18,100.0,47.5,S
2021-07-26T09:48:12,100.0,47.5,B
2021-07-26T09:48:12,800.0,47.5,B
2021-07-26T09:48:04,200.0,47.5,B
2021-07-26T09:48:04,200.0,47.5,B
2021-07-26T09:48:04,900.0,47.5,B
2021-07-26T09:48:04,9700.0,47.5,B
2021-07-26T09:47:42,100.0,47.5,B
2021-07-26T09:47:21,900.0,47.5,B
2021-07-26T09:47:11,200.0,47.5,B
2021-07-26T09:47:04,100.0,47.4,S
2021-07-26T09:47:04,1000.0,47.4,S
2021-07-26T09:46:52,100.0,47.4,S
2021-07-26T09:46:40,200.0,47.4,S
2021-07-26T09:46:27,100.0,47.4,S
2021-07-26T09:46:16,100.0,47.4,S
2021-07-26T09:46:14,2200.0,47.4,B
2021-07-26T09:46:14,100.0,47.4,B
2021-07-26T09:46:14,200.0,47.4,B
2021-07-26T09:46:10,500.0,47.4,B
2021-07-26T09:45:55,100.0,47.4,B
2021-07-26T09:45:00,100.0,47.4,B
2021-07-26T09:44:56,100.0,47.4,B
2021-07-26T09:44:49,100.0,47.3,S
2021-07-26T09:44:39,100.0,47.3,S
2021-07-26T09:44:37,500.0,47.3,B
2021-07-26T09:44:23,100.0,47.25,B
2021-07-26T09:44:17,3100.0,47.25,S
2021-07-26T09:44:02,100.0,47.3,B
2021-07-26T09:44:01,200.0,47.25,S
2021-07-26T09:43:25,800.0,47.25,B
2021-07-26T09:43:24,300.0,47.25,B
2021-07-26T09:43:19,500.0,47.2,S
2021-07-26T09:43:19,300.0,47.2,S
2021-07-26T09:43:19,800.0,47.2,S
2021-07-26T09:43:09,200.0,47.25,B
2021-07-26T09:43:08,4000.0,47.2,S
2021-07-26T09:43:08,100.0,47.2,S
2021-07-26T09:43:08,1000.0,47.2,S
2021-07-26T09:43:00,100.0,47.2,S
2021-07-26T09:42:45,100.0,47.25,B
2021-07-26T09:42:34,100.0,47.25,B
2021-07-26T09:42:20,200.0,47.25,S
2021-07-26T09:41:29,100.0,47.3,B
2021-07-26T09:41:29,1600.0,47.3,S
2021-07-26T09:41:26,100.0,47.4,B
2021-07-26T09:41:12,100.0,47.3,S
2021-07-26T09:41:04,100.0,47.3,S
2021-07-26T09:40:59,300.0,47.4,S
2021-07-26T09:40:59,400.0,47.4,S
2021-07-26T09:40:50,500.0,47.5,B
2021-07-26T09:40:39,500.0,47.4,S
2021-07-26T09:40:09,200.0,47.4,S
2021-07-26T09:38:52,1300.0,47.5,S
2021-07-26T09:38:38,200.0,47.6,B
2021-07-26T09:38:32,100.0,47.6,B
2021-07-26T09:38:08,900.0,47.6,S
2021-07-26T09:37:48,100.0,47.6,S
2021-07-26T09:37:48,100.0,47.6,S
2021-07-26T09:37:48,1800.0,47.6,S
2021-07-26T09:37:29,100.0,47.7,B
2021-07-26T09:37:15,100.0,47.6,S
2021-07-26T09:37:11,100.0,47.7,S
2021-07-26T09:36:29,400.0,47.6,S
2021-07-26T09:36:22,600.0,47.6,S
2021-07-26T09:35:20,300.0,47.6,S
2021-07-26T09:34:46,3000.0,47.6,S
2021-07-26T09:34:18,1500.0,47.6,S
2021-07-26T09:34:14,100.0,47.7,S
2021-07-26T09:33:53,500.0,47.7,S
2021-07-26T09:33:43,1800.0,47.7,S
2021-07-26T09:33:33,1000.0,47.9,B
2021-07-26T09:33:24,1000.0,47.9,B
2021-07-26T09:33:16,1000.0,47.8,S
2021-07-26T09:33:12,2000.0,47.9,B
2021-07-26T09:32:58,300.0,47.9,B
2021-07-26T09:32:08,500.0,47.9,B
2021-07-26T09:31:25,300.0,47.7,S
2021-07-26T09:31:15,100.0,47.7,B
2021-07-26T09:30:51,100.0,47.7,B
2021-07-26T09:30:51,100.0,47.6,S
2021-07-26T09:30:34,300.0,47.6,B
2021-07-26T09:30:32,500.0,47.6,B
2021-07-26T09:30:18,100.0,47.6,B
2021-07-26T09:30:05,100.0,47.6,B
2021-07-26T09:29:44,500.0,47.6,B
2021-07-26T09:29:28,300.0,47.6,B
2021-07-26T09:28:53,200.0,47.6,B
2021-07-26T09:28:38,400.0,47.1,S
2021-07-26T09:28:38,100.0,47.1,S
2021-07-26T09:28:38,100.0,47.1,S
2021-07-26T09:28:38,200.0,47.15,S
2021-07-26T09:28:38,100.0,47.15,S
2021-07-26T09:28:29,200.0,47.1,S
2021-07-26T09:28:27,1000.0,47.1,S
2021-07-26T09:28:13,1100.0,47.1,S
2021-07-26T09:28:09,300.0,47.15,S
2021-07-26T09:27:53,2000.0,47.1,S
2021-07-26T09:27:35,200.0,47.1,S
2021-07-26T09:27:18,200.0,47.1,S
2021-07-26T09:27:13,100.0,47.15,S
2021-07-26T09:27:04,500.0,47.1,S
2021-07-26T09:27:01,400.0,47.7,S
2021-07-26T09:26:52,700.0,47.7,B
2021-07-26T09:26:44,700.0,47.1,S
2021-07-26T09:26:37,100.0,47.7,B
2021-07-26T09:26:27,3700.0,47.1,S
2021-07-26T09:26:27,4900.0,47.7,S
2021-07-26T09:26:22,2000.0,47.7,S
2021-07-26T09:26:16,100.0,47.7,S
2021-07-26T09:26:15,300.0,47.7,S
2021-07-26T09:26:14,1000.0,47.7,S
2021-07-26T09:26:08,500.0,47.75,S
2021-07-26T09:25:54,100.0,48.0,B
2021-07-26T09:25:46,100.0,47.9,S
2021-07-26T09:25:07,1000.0,48.0,B
2021-07-26T09:25:01,100.0,48.0,S
2021-07-26T09:24:49,100.0,48.0,S
2021-07-26T09:24:49,3400.0,48.0,S
2021-07-26T09:24:48,5200.0,48.1,S
2021-07-26T09:24:46,400.0,48.0,S
2021-07-26T09:24:45,600.0,48.0,S
2021-07-26T09:24:45,2000.0,48.0,S
2021-07-26T09:24:37,100.0,48.1,B
2021-07-26T09:24:23,5000.0,48.1,S
2021-07-26T09:24:11,100.0,48.2,B
2021-07-26T09:24:10,1400.0,48.2,S
2021-07-26T09:23:54,600.0,48.2,S
2021-07-26T09:23:54,100.0,48.2,S
2021-07-26T09:23:54,2300.0,48.2,S
2021-07-26T09:23:46,2000.0,48.2,S
2021-07-26T09:23:46,200.0,48.2,S
2021-07-26T09:23:43,100.0,48.2,S
2021-07-26T09:23:30,500.0,48.2,S
2021-07-26T09:23:19,600.0,48.2,S
2021-07-26T09:23:12,5300.0,48.4,B
2021-07-26T09:23:12,300.0,48.35,B
2021-07-26T09:23:12,400.0,48.25,B
2021-07-26T09:23:09,100.0,48.25,B
2021-07-26T09:22:28,400.0,48.2,B
2021-07-26T09:22:28,300.0,48.2,B
2021-07-26T09:22:14,500.0,48.2,B
2021-07-26T09:22:02,100.0,48.2,B
2021-07-26T09:21:39,200.0,48.2,B
2021-07-26T09:21:19,100.0,48.25,B
2021-07-26T09:21:19,100.0,48.25,B
2021-07-26T09:21:03,100.0,48.2,B
2021-07-26T09:21:02,100.0,48.2,B
2021-07-26T09:20:40,200.0,48.25,B
2021-07-26T09:20:26,1000.0,48.25,B
2021-07-26T09:20:19,100.0,48.25,B
2021-07-26T09:20:08,100.0,48.25,B
2021-07-26T09:20:04,500.0,48.3,S
2021-07-26T09:19:54,500.0,48.3,B
2021-07-26T09:18:34,2000.0,48.35,B
2021-07-26T09:18:13,200.0,48.35,B
2021-07-26T09:17:49,400.0,48.35,B
2021-07-26T09:16:46,100.0,48.35,S
2021-07-26T09:16:35,500.0,48.35,S
2021-07-26T09:16:31,800.0,48.35,B
2021-07-26T09:16:22,1000.0,47.5,S
2021-07-26T09:16:06,200.0,48.35,B
2021-07-26T09:15:58,200.0,48.4,B
2021-07-26T09:15:52,100.0,48.4,B
2021-07-26T09:15:46,100.0,48.35,B
2021-07-26T09:15:19,4200.0,48.4,B
2021-07-26T09:15:19,1400.0,48.4,B
2021-07-26T09:15:19,400.0,48.4,B
2021-07-26T09:15:19,2500.0,48.4,B
2021-07-26T09:15:09,2000.0,47.0,S
