tradingTime,volume,price,side
2021-07-26T11:29:38,200.0,33.0,S
2021-07-26T11:29:01,200.0,33.0,S
2021-07-26T11:28:59,500.0,33.05,B
2021-07-26T11:27:54,5000.0,33.0,S
2021-07-26T11:27:17,2900.0,33.0,S
2021-07-26T11:26:35,600.0,33.0,B
2021-07-26T11:26:24,100.0,33.0,B
2021-07-26T11:26:07,1000.0,33.0,B
2021-07-26T11:25:59,3000.0,33.0,B
2021-07-26T11:25:15,100.0,33.0,B
2021-07-26T11:24:59,100.0,33.0,B
2021-07-26T11:24:56,200.0,33.0,B
2021-07-26T11:24:34,100.0,33.0,B
2021-07-26T11:24:33,2000.0,33.0,B
2021-07-26T11:23:27,5000.0,33.0,B
2021-07-26T11:22:32,200.0,33.0,B
2021-07-26T11:21:36,100.0,32.9,S
2021-07-26T11:20:42,500.0,32.9,S
2021-07-26T11:20:34,6000.0,32.9,S
2021-07-26T11:19:19,400.0,32.9,S
2021-07-26T11:19:17,9800.0,33.0,B
2021-07-26T11:18:22,900.0,32.9,S
2021-07-26T11:18:16,1000.0,33.0,B
2021-07-26T11:17:28,100.0,33.0,B
2021-07-26T11:17:14,100.0,33.0,B
2021-07-26T11:16:14,100.0,33.0,B
2021-07-26T11:16:00,100.0,33.0,B
2021-07-26T11:15:09,500.0,33.0,B
2021-07-26T11:14:34,1000.0,33.0,B
2021-07-26T11:13:25,100.0,33.0,B
2021-07-26T11:13:13,100.0,33.0,B
2021-07-26T11:12:14,1000.0,33.0,B
2021-07-26T11:11:10,700.0,32.9,B
2021-07-26T11:11:05,400.0,32.9,B
2021-07-26T11:10:59,100.0,32.9,B
2021-07-26T11:10:59,5000.0,32.9,B
2021-07-26T11:10:55,500.0,32.9,B
2021-07-26T11:10:29,500.0,32.9,B
2021-07-26T11:10:19,500.0,32.9,B
2021-07-26T11:10:09,400.0,32.9,B
2021-07-26T11:09:56,1000.0,32.9,B
2021-07-26T11:09:49,200.0,32.85,S
2021-07-26T11:09:48,500.0,32.9,B
2021-07-26T11:09:30,100.0,32.9,B
2021-07-26T11:08:59,4400.0,32.9,S
2021-07-26T11:08:59,6900.0,32.9,S
2021-07-26T11:08:51,100.0,33.0,B
2021-07-26T11:08:04,1000.0,33.0,B
2021-07-26T11:07:47,3000.0,33.0,S
2021-07-26T11:07:32,500.0,33.0,S
2021-07-26T11:07:24,400.0,33.0,B
2021-07-26T11:07:24,1100.0,33.0,B
2021-07-26T11:06:36,700.0,33.0,B
2021-07-26T11:06:36,300.0,33.0,B
2021-07-26T11:05:56,800.0,32.9,S
2021-07-26T11:05:09,200.0,33.0,S
2021-07-26T11:04:47,500.0,33.0,S
2021-07-26T11:04:34,1000.0,33.0,S
2021-07-26T11:04:24,500.0,33.0,S
2021-07-26T11:04:10,100.0,33.0,B
2021-07-26T11:03:49,300.0,33.0,B
2021-07-26T11:03:15,100.0,33.0,B
2021-07-26T11:03:15,2700.0,32.85,S
2021-07-26T11:02:44,300.0,32.9,S
2021-07-26T11:02:44,1100.0,32.9,S
2021-07-26T11:02:44,3600.0,32.9,S
2021-07-26T11:02:26,100.0,32.9,S
2021-07-26T11:02:06,900.0,32.9,B
2021-07-26T11:01:16,300.0,32.85,S
2021-07-26T11:01:04,400.0,32.9,S
2021-07-26T11:00:03,5200.0,32.9,S
2021-07-26T10:59:39,600.0,32.95,S
2021-07-26T10:59:39,1600.0,32.95,S
2021-07-26T10:59:19,100.0,32.95,S
2021-07-26T10:59:09,400.0,32.95,S
2021-07-26T10:59:09,600.0,32.95,S
2021-07-26T10:58:45,100.0,33.0,B
2021-07-26T10:57:24,3900.0,33.0,B
2021-07-26T10:57:22,1000.0,33.0,S
2021-07-26T10:57:04,100.0,33.0,S
2021-07-26T10:57:03,300.0,33.0,S
2021-07-26T10:56:44,100.0,33.0,S
2021-07-26T10:56:41,1000.0,33.0,S
2021-07-26T10:56:26,200.0,33.0,S
2021-07-26T10:56:05,2200.0,33.0,S
2021-07-26T10:56:04,800.0,33.0,S
2021-07-26T10:56:04,100.0,33.05,S
2021-07-26T10:55:50,100.0,33.0,S
2021-07-26T10:55:32,2200.0,33.0,S
2021-07-26T10:55:28,100.0,33.0,S
2021-07-26T10:55:21,500.0,33.0,S
2021-07-26T10:55:21,600.0,33.0,S
2021-07-26T10:55:03,2000.0,33.0,S
2021-07-26T10:54:49,200.0,33.0,S
2021-07-26T10:54:38,200.0,33.0,S
2021-07-26T10:54:35,200.0,33.0,S
2021-07-26T10:54:24,2000.0,33.0,S
2021-07-26T10:54:14,1000.0,33.0,S
2021-07-26T10:53:57,5000.0,33.0,S
2021-07-26T10:53:54,1000.0,33.0,S
2021-07-26T10:53:24,2700.0,33.05,S
2021-07-26T10:53:24,100.0,33.05,S
2021-07-26T10:53:03,800.0,33.1,S
2021-07-26T10:52:51,200.0,33.1,S
2021-07-26T10:52:50,100.0,33.1,S
2021-07-26T10:52:31,1000.0,33.1,S
2021-07-26T10:52:29,200.0,33.1,S
2021-07-26T10:52:29,500.0,33.1,S
2021-07-26T10:52:04,100.0,33.1,S
2021-07-26T10:52:02,1800.0,33.1,S
2021-07-26T10:51:33,100.0,33.15,B
2021-07-26T10:51:24,800.0,33.15,B
2021-07-26T10:51:14,3000.0,33.15,B
2021-07-26T10:50:49,1600.0,33.15,B
2021-07-26T10:50:49,3000.0,33.15,B
2021-07-26T10:50:39,4000.0,33.1,B
2021-07-26T10:50:39,1100.0,33.1,B
2021-07-26T10:49:58,900.0,33.05,B
2021-07-26T10:49:56,1000.0,33.05,B
2021-07-26T10:49:50,1000.0,33.05,B
2021-07-26T10:49:39,10000.0,33.05,B
2021-07-26T10:49:14,100.0,33.05,B
2021-07-26T10:49:10,20000.0,33.05,B
2021-07-26T10:49:03,20000.0,33.05,B
2021-07-26T10:48:53,1000.0,33.05,B
2021-07-26T10:48:47,100.0,33.0,S
2021-07-26T10:48:12,500.0,33.05,B
2021-07-26T10:47:42,200.0,33.0,S
2021-07-26T10:47:40,5000.0,33.0,S
2021-07-26T10:47:38,100.0,33.05,B
2021-07-26T10:47:18,5000.0,33.05,B
2021-07-26T10:47:08,2800.0,33.0,B
2021-07-26T10:47:03,200.0,33.0,B
2021-07-26T10:47:02,1000.0,33.0,B
2021-07-26T10:47:00,500.0,33.0,B
2021-07-26T10:46:59,100.0,33.0,B
2021-07-26T10:46:48,10000.0,33.0,B
2021-07-26T10:46:43,500.0,33.0,B
2021-07-26T10:46:41,1000.0,33.0,B
2021-07-26T10:46:38,100.0,33.0,B
2021-07-26T10:46:37,100.0,33.0,B
2021-07-26T10:46:37,30000.0,33.0,B
2021-07-26T10:46:29,400.0,33.0,B
2021-07-26T10:46:22,100.0,33.0,B
2021-07-26T10:46:22,100.0,33.0,B
2021-07-26T10:46:10,4000.0,33.0,B
2021-07-26T10:46:08,1000.0,33.0,B
2021-07-26T10:46:04,2000.0,33.0,B
2021-07-26T10:45:29,100.0,32.9,S
2021-07-26T10:45:22,600.0,33.0,B
2021-07-26T10:45:12,800.0,32.95,B
2021-07-26T10:45:09,100.0,32.9,S
2021-07-26T10:44:40,1300.0,32.9,B
2021-07-26T10:44:40,900.0,32.9,B
2021-07-26T10:44:40,7200.0,32.9,B
2021-07-26T10:44:38,900.0,32.85,S
2021-07-26T10:44:36,100.0,32.85,S
2021-07-26T10:44:30,200.0,32.85,S
2021-07-26T10:44:15,100.0,32.85,S
2021-07-26T10:44:07,100.0,32.85,S
2021-07-26T10:44:06,100.0,32.9,B
2021-07-26T10:44:01,100.0,32.9,B
2021-07-26T10:44:00,100.0,32.85,S
2021-07-26T10:43:51,100.0,32.85,S
2021-07-26T10:43:49,700.0,32.85,B
2021-07-26T10:43:37,300.0,32.85,S
2021-07-26T10:43:34,200.0,32.85,S
2021-07-26T10:43:19,500.0,32.85,S
2021-07-26T10:43:12,2000.0,32.85,S
2021-07-26T10:42:39,600.0,32.9,B
2021-07-26T10:42:32,400.0,32.85,S
2021-07-26T10:41:52,200.0,32.9,B
2021-07-26T10:41:14,500.0,32.9,S
2021-07-26T10:41:14,300.0,32.9,S
2021-07-26T10:41:14,16000.0,32.9,S
2021-07-26T10:41:11,100.0,32.9,S
2021-07-26T10:40:56,2500.0,32.9,S
2021-07-26T10:40:53,100.0,32.9,S
2021-07-26T10:40:48,2000.0,32.9,S
2021-07-26T10:40:46,7000.0,32.9,S
2021-07-26T10:40:42,100.0,32.9,S
2021-07-26T10:40:37,600.0,32.9,S
2021-07-26T10:39:36,100.0,32.9,S
2021-07-26T10:39:28,200.0,32.9,S
2021-07-26T10:39:13,83500.0,32.9,S
2021-07-26T10:39:13,100.0,32.95,S
2021-07-26T10:39:13,109100.0,32.95,S
2021-07-26T10:39:13,100.0,33.0,S
2021-07-26T10:39:13,900.0,33.0,S
2021-07-26T10:39:13,1300.0,33.0,S
2021-07-26T10:39:13,11700.0,33.0,S
2021-07-26T10:39:13,100.0,33.0,S
2021-07-26T10:39:13,1200.0,33.0,S
2021-07-26T10:39:13,2800.0,33.0,S
2021-07-26T10:39:13,1000.0,33.0,S
2021-07-26T10:39:13,1000.0,33.0,S
2021-07-26T10:39:13,87200.0,33.0,S
2021-07-26T10:39:09,1000.0,33.0,S
2021-07-26T10:39:04,7300.0,33.0,S
2021-07-26T10:39:03,300.0,33.05,B
2021-07-26T10:38:58,900.0,33.05,B
2021-07-26T10:38:57,1000.0,33.0,S
2021-07-26T10:38:46,2900.0,33.05,S
2021-07-26T10:38:46,10500.0,33.05,S
2021-07-26T10:38:38,2000.0,33.05,S
2021-07-26T10:38:35,5000.0,33.05,S
2021-07-26T10:38:29,500.0,33.1,B
2021-07-26T10:38:24,2800.0,33.05,S
2021-07-26T10:38:23,1000.0,33.05,S
2021-07-26T10:38:22,2000.0,33.05,S
2021-07-26T10:38:11,100.0,33.05,S
2021-07-26T10:38:11,300.0,33.05,S
2021-07-26T10:38:06,5000.0,33.05,S
2021-07-26T10:38:01,5000.0,33.05,S
2021-07-26T10:37:39,3000.0,33.05,S
2021-07-26T10:37:13,500.0,33.05,S
2021-07-26T10:37:07,2000.0,33.1,S
2021-07-26T10:36:35,100.0,33.1,S
2021-07-26T10:36:27,7900.0,33.1,B
2021-07-26T10:36:27,200.0,33.1,B
2021-07-26T10:36:26,1000.0,33.1,B
2021-07-26T10:36:24,3000.0,33.1,B
2021-07-26T10:35:57,600.0,33.1,B
2021-07-26T10:35:40,500.0,33.1,B
2021-07-26T10:35:38,1000.0,33.1,B
2021-07-26T10:35:36,2000.0,33.1,B
2021-07-26T10:35:27,4000.0,33.1,B
2021-07-26T10:35:26,22000.0,33.1,B
2021-07-26T10:35:14,50000.0,33.1,B
2021-07-26T10:35:04,3500.0,33.1,B
2021-07-26T10:34:55,5000.0,33.05,S
2021-07-26T10:34:51,5000.0,33.1,B
2021-07-26T10:34:24,1000.0,33.1,B
2021-07-26T10:34:20,8700.0,33.1,B
2021-07-26T10:34:17,1000.0,33.1,S
2021-07-26T10:34:02,300.0,33.1,S
2021-07-26T10:33:50,600.0,33.1,B
2021-07-26T10:33:41,1400.0,33.1,B
2021-07-26T10:33:41,600.0,33.1,B
2021-07-26T10:33:34,3000.0,33.05,S
2021-07-26T10:33:31,1200.0,33.05,B
2021-07-26T10:33:20,1000.0,33.05,B
2021-07-26T10:33:03,6300.0,33.05,B
2021-07-26T10:32:57,900.0,33.05,S
2021-07-26T10:32:57,2100.0,33.05,S
2021-07-26T10:32:57,2200.0,33.05,S
2021-07-26T10:32:57,200.0,33.05,S
2021-07-26T10:32:57,6100.0,33.05,S
2021-07-26T10:32:54,100.0,33.05,S
2021-07-26T10:32:47,500.0,33.05,S
2021-07-26T10:32:39,1400.0,33.1,B
2021-07-26T10:32:06,300.0,33.05,S
2021-07-26T10:31:33,2000.0,33.05,S
2021-07-26T10:31:26,300.0,33.05,S
2021-07-26T10:31:12,100.0,33.05,S
2021-07-26T10:31:04,300.0,33.05,S
2021-07-26T10:30:53,100.0,33.05,S
2021-07-26T10:30:34,1300.0,33.05,S
2021-07-26T10:30:31,300.0,33.05,S
2021-07-26T10:30:27,3000.0,33.05,S
2021-07-26T10:30:24,300.0,33.1,B
2021-07-26T10:29:49,100.0,33.05,S
2021-07-26T10:29:40,200.0,33.05,S
2021-07-26T10:29:23,600.0,33.05,S
2021-07-26T10:29:21,200.0,33.05,S
2021-07-26T10:29:21,200.0,33.05,S
2021-07-26T10:28:51,100.0,33.1,B
2021-07-26T10:28:40,500.0,33.05,S
2021-07-26T10:28:35,500.0,33.05,S
2021-07-26T10:28:32,100.0,33.05,S
2021-07-26T10:28:27,100.0,33.05,S
2021-07-26T10:28:27,200.0,33.1,S
2021-07-26T10:28:26,300.0,33.1,B
2021-07-26T10:28:24,300.0,33.05,S
2021-07-26T10:28:21,500.0,33.1,S
2021-07-26T10:28:20,300.0,33.1,S
2021-07-26T10:28:12,500.0,33.1,S
2021-07-26T10:28:11,300.0,33.1,S
2021-07-26T10:28:08,300.0,33.15,B
2021-07-26T10:28:06,300.0,33.1,S
2021-07-26T10:28:02,300.0,33.1,S
2021-07-26T10:28:01,30000.0,33.15,S
2021-07-26T10:27:57,300.0,33.15,S
2021-07-26T10:27:50,300.0,33.15,S
2021-07-26T10:27:44,2400.0,33.2,S
2021-07-26T10:27:44,1300.0,33.2,S
2021-07-26T10:27:44,5000.0,33.2,S
2021-07-26T10:27:42,100.0,33.2,S
2021-07-26T10:27:32,1800.0,33.2,S
2021-07-26T10:27:31,500.0,33.2,S
2021-07-26T10:27:29,100.0,33.2,S
2021-07-26T10:27:20,200.0,33.2,S
2021-07-26T10:27:07,100.0,33.2,S
2021-07-26T10:27:00,100.0,33.25,B
2021-07-26T10:26:53,100.0,33.25,B
2021-07-26T10:26:44,500.0,33.25,B
2021-07-26T10:26:40,500.0,33.25,B
2021-07-26T10:26:33,100.0,33.2,S
2021-07-26T10:26:20,100.0,33.25,B
2021-07-26T10:26:01,1000.0,33.25,B
2021-07-26T10:25:50,3000.0,33.25,S
2021-07-26T10:25:44,20000.0,33.25,S
2021-07-26T10:25:12,400.0,33.25,S
2021-07-26T10:25:11,1800.0,33.25,S
2021-07-26T10:25:01,1000.0,33.3,B
2021-07-26T10:24:50,100.0,33.3,B
2021-07-26T10:24:48,200.0,33.25,S
2021-07-26T10:24:37,100.0,33.3,B
2021-07-26T10:24:36,2600.0,33.3,S
2021-07-26T10:24:36,600.0,33.3,S
2021-07-26T10:24:36,2600.0,33.3,S
2021-07-26T10:24:36,2300.0,33.3,S
2021-07-26T10:24:36,100.0,33.3,S
2021-07-26T10:24:36,51600.0,33.3,S
2021-07-26T10:24:36,1000.0,33.3,S
2021-07-26T10:24:36,6900.0,33.3,S
2021-07-26T10:24:19,1000.0,33.35,B
2021-07-26T10:24:14,200.0,33.35,S
2021-07-26T10:24:14,2700.0,33.35,S
2021-07-26T10:24:14,1500.0,33.35,S
2021-07-26T10:24:14,1000.0,33.35,S
2021-07-26T10:24:14,19600.0,33.35,S
2021-07-26T10:24:11,100.0,33.4,B
2021-07-26T10:24:09,200.0,33.35,S
2021-07-26T10:23:56,5400.0,33.35,S
2021-07-26T10:23:22,100.0,33.4,B
2021-07-26T10:23:11,100.0,33.4,B
2021-07-26T10:22:45,1000.0,33.4,B
2021-07-26T10:22:36,300.0,33.4,S
2021-07-26T10:22:36,5000.0,33.4,S
2021-07-26T10:22:36,100.0,33.4,S
2021-07-26T10:22:22,500.0,33.4,S
2021-07-26T10:22:13,500.0,33.45,B
2021-07-26T10:22:06,100.0,33.45,B
2021-07-26T10:22:04,3000.0,33.45,B
2021-07-26T10:22:04,200.0,33.45,B
2021-07-26T10:21:58,3300.0,33.45,B
2021-07-26T10:21:56,400.0,33.45,B
2021-07-26T10:21:47,15000.0,33.45,B
2021-07-26T10:21:33,10000.0,33.45,B
2021-07-26T10:21:31,200.0,33.4,S
2021-07-26T10:21:29,5000.0,33.45,B
2021-07-26T10:21:26,100.0,33.4,S
2021-07-26T10:21:17,100.0,33.4,S
2021-07-26T10:21:07,100.0,33.4,S
2021-07-26T10:20:56,200.0,33.4,S
2021-07-26T10:20:56,200.0,33.4,S
2021-07-26T10:20:56,2300.0,33.4,B
2021-07-26T10:20:56,1300.0,33.4,B
2021-07-26T10:20:56,500.0,33.4,B
2021-07-26T10:20:56,2000.0,33.4,B
2021-07-26T10:20:55,200.0,33.4,B
2021-07-26T10:20:55,500.0,33.4,B
2021-07-26T10:20:54,400.0,33.4,B
2021-07-26T10:20:43,1000.0,33.4,B
2021-07-26T10:20:41,6000.0,33.4,B
2021-07-26T10:20:41,100.0,33.4,B
2021-07-26T10:20:35,500.0,33.4,B
2021-07-26T10:20:32,7000.0,33.4,B
2021-07-26T10:20:27,1000.0,33.4,B
2021-07-26T10:20:26,100.0,33.4,B
2021-07-26T10:20:09,10000.0,33.4,B
2021-07-26T10:20:07,11000.0,33.4,B
2021-07-26T10:19:54,300.0,33.4,B
2021-07-26T10:19:46,5000.0,33.4,B
2021-07-26T10:19:43,100.0,33.35,S
2021-07-26T10:19:38,400.0,33.35,S
2021-07-26T10:19:29,100.0,33.35,S
2021-07-26T10:19:28,100.0,33.4,B
2021-07-26T10:18:37,8000.0,33.35,S
2021-07-26T10:18:31,10000.0,33.4,B
2021-07-26T10:18:08,800.0,33.35,S
2021-07-26T10:18:02,3000.0,33.35,S
2021-07-26T10:17:40,3000.0,33.35,S
2021-07-26T10:17:40,1100.0,33.3,S
2021-07-26T10:17:39,4100.0,33.35,B
2021-07-26T10:17:36,100.0,33.35,B
2021-07-26T10:17:33,100.0,33.35,B
2021-07-26T10:17:23,200.0,33.35,B
2021-07-26T10:17:12,2900.0,33.35,B
2021-07-26T10:17:08,300.0,33.35,B
2021-07-26T10:17:05,100.0,33.35,B
2021-07-26T10:16:54,1400.0,33.35,S
2021-07-26T10:16:54,2300.0,33.35,S
2021-07-26T10:16:54,200.0,33.35,S
2021-07-26T10:16:54,4100.0,33.35,S
2021-07-26T10:16:39,700.0,33.4,B
2021-07-26T10:16:38,300.0,33.35,S
2021-07-26T10:16:34,100.0,33.4,B
2021-07-26T10:16:33,800.0,33.4,B
2021-07-26T10:16:33,200.0,33.4,B
2021-07-26T10:16:32,1000.0,33.4,B
2021-07-26T10:16:27,300.0,33.4,B
2021-07-26T10:16:25,200.0,33.4,B
2021-07-26T10:16:23,300.0,33.4,B
2021-07-26T10:16:21,1000.0,33.4,B
2021-07-26T10:16:21,100.0,33.4,B
2021-07-26T10:16:19,1000.0,33.4,B
2021-07-26T10:16:18,200.0,33.4,B
2021-07-26T10:16:14,20000.0,33.4,B
2021-07-26T10:15:59,50000.0,33.4,B
2021-07-26T10:15:58,500.0,33.35,S
2021-07-26T10:15:21,100.0,33.35,S
2021-07-26T10:15:20,500.0,33.4,B
2021-07-26T10:15:19,5000.0,33.35,B
2021-07-26T10:15:16,700.0,33.35,B
2021-07-26T10:15:09,700.0,33.35,B
2021-07-26T10:15:06,500.0,33.3,S
2021-07-26T10:15:05,700.0,33.35,B
2021-07-26T10:15:04,2000.0,33.35,B
2021-07-26T10:15:04,100.0,33.3,S
2021-07-26T10:15:02,100.0,33.3,S
2021-07-26T10:14:51,3600.0,33.3,S
2021-07-26T10:14:51,1800.0,33.3,B
2021-07-26T10:14:50,1000.0,33.3,B
2021-07-26T10:14:49,100.0,33.3,B
2021-07-26T10:14:49,400.0,33.3,B
2021-07-26T10:14:49,200.0,33.3,B
2021-07-26T10:14:46,2300.0,33.25,S
2021-07-26T10:14:46,2000.0,33.3,B
2021-07-26T10:14:46,100.0,33.3,B
2021-07-26T10:14:46,1000.0,33.3,B
2021-07-26T10:14:44,700.0,33.3,B
2021-07-26T10:14:44,2100.0,33.3,B
2021-07-26T10:14:44,3700.0,33.3,B
2021-07-26T10:14:44,1100.0,33.3,B
2021-07-26T10:14:43,1100.0,33.3,B
2021-07-26T10:14:42,300.0,33.3,B
2021-07-26T10:14:42,500.0,33.25,S
2021-07-26T10:14:41,1000.0,33.3,B
2021-07-26T10:14:40,700.0,33.3,B
2021-07-26T10:14:38,500.0,33.3,B
2021-07-26T10:14:38,1700.0,33.3,B
2021-07-26T10:14:38,800.0,33.3,B
2021-07-26T10:14:38,2500.0,33.3,B
2021-07-26T10:14:38,3300.0,33.3,B
2021-07-26T10:14:37,2000.0,33.3,B
2021-07-26T10:14:36,700.0,33.3,B
2021-07-26T10:14:36,1800.0,33.3,B
2021-07-26T10:14:35,4200.0,33.3,B
2021-07-26T10:14:34,200.0,33.3,B
2021-07-26T10:14:33,300.0,33.3,B
2021-07-26T10:14:30,2700.0,33.3,B
2021-07-26T10:14:29,800.0,33.3,B
2021-07-26T10:14:28,10000.0,33.3,B
2021-07-26T10:14:26,200.0,33.3,B
2021-07-26T10:14:26,1800.0,33.3,B
2021-07-26T10:14:25,200.0,33.3,B
2021-07-26T10:14:23,35000.0,33.3,B
2021-07-26T10:14:17,300.0,33.3,B
2021-07-26T10:14:11,100.0,33.3,B
2021-07-26T10:14:10,200.0,33.3,B
2021-07-26T10:14:07,700.0,33.3,B
2021-07-26T10:14:02,700.0,33.3,B
2021-07-26T10:13:59,500.0,33.3,B
2021-07-26T10:13:55,500.0,33.3,B
2021-07-26T10:13:52,1800.0,33.3,B
2021-07-26T10:13:49,20000.0,33.3,B
2021-07-26T10:13:49,5000.0,33.3,B
2021-07-26T10:13:38,5000.0,33.25,S
2021-07-26T10:13:24,25000.0,33.3,B
2021-07-26T10:13:24,10000.0,33.3,B
2021-07-26T10:13:19,200.0,33.25,S
2021-07-26T10:13:08,30000.0,33.3,B
2021-07-26T10:13:03,300.0,33.3,B
2021-07-26T10:12:33,500.0,33.3,B
2021-07-26T10:12:21,500.0,33.3,B
2021-07-26T10:12:04,14500.0,33.3,B
2021-07-26T10:12:04,100.0,33.25,S
2021-07-26T10:11:58,5000.0,33.25,S
2021-07-26T10:11:57,2700.0,33.3,B
2021-07-26T10:11:56,200.0,33.25,S
2021-07-26T10:11:45,5000.0,33.3,B
2021-07-26T10:11:42,1200.0,33.3,B
2021-07-26T10:11:41,4000.0,33.3,B
2021-07-26T10:11:38,400.0,33.25,S
2021-07-26T10:11:38,600.0,33.25,S
2021-07-26T10:11:32,1000.0,33.3,B
2021-07-26T10:11:32,5000.0,33.3,B
2021-07-26T10:11:22,12000.0,33.3,B
2021-07-26T10:11:12,100.0,33.25,S
2021-07-26T10:11:12,4000.0,33.3,B
2021-07-26T10:11:07,7000.0,33.3,B
2021-07-26T10:11:06,3000.0,33.25,S
2021-07-26T10:11:04,1500.0,33.25,S
2021-07-26T10:11:04,7000.0,33.3,B
2021-07-26T10:11:03,3000.0,33.25,S
2021-07-26T10:11:02,600.0,33.25,S
2021-07-26T10:10:55,1000.0,33.25,S
2021-07-26T10:10:52,1200.0,33.3,B
2021-07-26T10:10:52,38800.0,33.3,B
2021-07-26T10:10:50,2300.0,33.3,B
2021-07-26T10:10:48,100.0,33.25,S
2021-07-26T10:10:46,1000.0,33.25,S
2021-07-26T10:10:44,101100.0,33.3,B
2021-07-26T10:10:43,5000.0,33.25,S
2021-07-26T10:10:38,200.0,33.25,S
2021-07-26T10:10:31,300.0,33.3,B
2021-07-26T10:10:31,700.0,33.3,B
2021-07-26T10:10:28,800.0,33.3,B
2021-07-26T10:10:26,300.0,33.25,S
2021-07-26T10:10:21,1500.0,33.3,B
2021-07-26T10:10:20,1000.0,33.3,B
2021-07-26T10:10:20,50000.0,33.3,B
2021-07-26T10:10:19,500.0,33.3,B
2021-07-26T10:10:17,700.0,33.3,B
2021-07-26T10:10:16,10000.0,33.3,B
2021-07-26T10:10:02,100.0,33.3,B
2021-07-26T10:10:01,100.0,33.3,B
2021-07-26T10:09:59,1500.0,33.3,B
2021-07-26T10:09:59,100.0,33.3,B
2021-07-26T10:09:56,2400.0,33.3,B
2021-07-26T10:09:51,5000.0,33.3,B
2021-07-26T10:09:41,50000.0,33.3,B
2021-07-26T10:09:41,1000.0,33.3,B
2021-07-26T10:09:39,200.0,33.25,S
2021-07-26T10:09:37,500.0,33.3,B
2021-07-26T10:09:37,100.0,33.25,S
2021-07-26T10:09:36,400.0,33.3,B
2021-07-26T10:09:31,900.0,33.25,S
2021-07-26T10:09:31,600.0,33.25,S
2021-07-26T10:09:20,200.0,33.3,B
2021-07-26T10:09:17,100.0,33.3,B
2021-07-26T10:09:07,3400.0,33.3,B
2021-07-26T10:09:07,200.0,33.3,B
2021-07-26T10:09:06,1400.0,33.3,B
2021-07-26T10:09:06,1000.0,33.3,B
2021-07-26T10:09:03,2500.0,33.3,B
2021-07-26T10:09:01,1000.0,33.3,B
2021-07-26T10:08:56,100.0,33.3,B
2021-07-26T10:08:52,100.0,33.25,S
2021-07-26T10:08:47,20000.0,33.3,B
2021-07-26T10:08:37,30000.0,33.3,B
2021-07-26T10:08:17,600.0,33.25,S
2021-07-26T10:08:13,500.0,33.3,B
2021-07-26T10:08:04,100.0,33.25,S
2021-07-26T10:07:54,3600.0,33.25,S
2021-07-26T10:07:52,100.0,33.25,B
2021-07-26T10:07:47,1700.0,33.25,B
2021-07-26T10:07:44,1000.0,33.25,B
2021-07-26T10:07:42,300.0,33.25,B
2021-07-26T10:07:38,1000.0,33.25,B
2021-07-26T10:07:32,1000.0,33.25,B
2021-07-26T10:07:16,200.0,33.2,S
2021-07-26T10:07:09,600.0,33.2,B
2021-07-26T10:07:08,27700.0,33.2,B
2021-07-26T10:07:03,3000.0,33.2,B
2021-07-26T10:06:59,500.0,33.2,B
2021-07-26T10:06:52,300.0,33.2,B
2021-07-26T10:06:52,19700.0,33.2,B
2021-07-26T10:06:52,7300.0,33.2,B
2021-07-26T10:06:52,1600.0,33.2,B
2021-07-26T10:06:52,1100.0,33.2,B
2021-07-26T10:06:37,2100.0,33.15,S
2021-07-26T10:06:37,1100.0,33.15,B
2021-07-26T10:06:36,4100.0,33.15,B
2021-07-26T10:06:32,600.0,33.15,B
2021-07-26T10:06:30,500.0,33.15,B
2021-07-26T10:06:27,1000.0,33.15,B
2021-07-26T10:06:26,20000.0,33.15,B
2021-07-26T10:06:25,500.0,33.15,B
2021-07-26T10:06:23,7200.0,33.15,B
2021-07-26T10:06:23,3800.0,33.15,B
2021-07-26T10:06:22,2500.0,33.15,B
2021-07-26T10:06:22,1000.0,33.15,B
2021-07-26T10:06:20,300.0,33.15,B
2021-07-26T10:06:17,10000.0,33.15,B
2021-07-26T10:06:17,1000.0,33.15,B
2021-07-26T10:06:10,100.0,33.1,S
2021-07-26T10:06:04,10000.0,33.15,B
2021-07-26T10:05:42,200.0,33.1,S
2021-07-26T10:05:35,1000.0,33.1,S
2021-07-26T10:05:35,2400.0,33.15,B
2021-07-26T10:05:30,1000.0,33.1,S
2021-07-26T10:05:26,2000.0,33.1,S
2021-07-26T10:05:25,500.0,33.1,B
2021-07-26T10:05:25,200.0,33.1,B
2021-07-26T10:05:25,6300.0,33.1,B
2021-07-26T10:05:24,40000.0,33.1,B
2021-07-26T10:05:22,600.0,33.1,B
2021-07-26T10:05:00,10000.0,33.1,B
2021-07-26T10:04:56,500.0,33.05,S
2021-07-26T10:04:56,5000.0,33.05,S
2021-07-26T10:04:48,500.0,33.05,S
2021-07-26T10:04:39,5000.0,33.05,S
2021-07-26T10:04:35,1000.0,33.05,S
2021-07-26T10:04:26,500.0,33.05,S
2021-07-26T10:04:16,500.0,33.1,B
2021-07-26T10:04:15,700.0,33.1,B
2021-07-26T10:04:11,300.0,33.1,B
2021-07-26T10:04:04,500.0,33.1,B
2021-07-26T10:04:02,100.0,33.05,S
2021-07-26T10:03:49,100.0,33.05,S
2021-07-26T10:03:34,100.0,33.05,S
2021-07-26T10:03:33,5400.0,33.05,B
2021-07-26T10:03:32,1700.0,33.05,B
2021-07-26T10:03:31,500.0,33.05,B
2021-07-26T10:03:31,1000.0,33.05,B
2021-07-26T10:03:29,300.0,33.0,S
2021-07-26T10:03:22,5000.0,33.05,B
2021-07-26T10:03:14,500.0,33.0,S
2021-07-26T10:03:08,9100.0,33.0,B
2021-07-26T10:03:08,100.0,33.0,B
2021-07-26T10:03:08,11200.0,33.0,B
2021-07-26T10:03:08,400.0,33.0,B
2021-07-26T10:03:08,200.0,33.0,B
2021-07-26T10:03:08,600.0,33.0,B
2021-07-26T10:03:08,1400.0,33.0,B
2021-07-26T10:03:08,5100.0,33.0,B
2021-07-26T10:03:08,300.0,33.0,B
2021-07-26T10:03:08,1000.0,33.0,B
2021-07-26T10:03:08,53200.0,33.0,B
2021-07-26T10:03:07,1000.0,33.0,B
2021-07-26T10:02:56,15000.0,33.0,B
2021-07-26T10:02:55,1000.0,33.0,B
2021-07-26T10:02:52,6500.0,33.0,B
2021-07-26T10:02:50,20000.0,33.0,B
2021-07-26T10:02:47,1000.0,32.95,S
2021-07-26T10:02:42,2000.0,33.0,B
2021-07-26T10:02:42,100.0,33.0,B
2021-07-26T10:02:37,1200.0,33.0,B
2021-07-26T10:02:36,2000.0,33.0,B
2021-07-26T10:02:34,500.0,32.95,S
2021-07-26T10:02:34,50000.0,33.0,B
2021-07-26T10:02:31,5000.0,33.0,B
2021-07-26T10:02:29,2000.0,33.0,B
2021-07-26T10:02:27,5000.0,33.0,B
2021-07-26T10:02:23,2000.0,33.0,B
2021-07-26T10:02:22,300.0,33.0,B
2021-07-26T10:02:21,200.0,33.0,B
2021-07-26T10:02:19,30000.0,33.0,B
2021-07-26T10:02:14,5000.0,33.0,B
2021-07-26T10:02:06,19000.0,33.0,B
2021-07-26T10:01:50,1000.0,33.0,B
2021-07-26T10:01:49,1000.0,33.0,B
2021-07-26T10:01:49,100000.0,33.0,B
2021-07-26T10:01:41,100.0,32.95,S
2021-07-26T10:01:41,50000.0,33.0,B
2021-07-26T10:01:39,100.0,33.0,B
2021-07-26T10:01:31,5000.0,33.0,B
2021-07-26T10:01:28,10000.0,33.0,B
2021-07-26T10:01:25,1300.0,33.0,B
2021-07-26T10:01:25,100000.0,33.0,B
2021-07-26T10:01:19,1000.0,33.0,B
2021-07-26T10:01:16,200.0,33.0,B
2021-07-26T10:01:13,100.0,33.0,B
2021-07-26T10:01:07,25000.0,33.0,B
2021-07-26T10:01:01,1000.0,33.0,B
2021-07-26T10:00:57,7000.0,33.0,B
2021-07-26T10:00:52,13000.0,33.0,B
2021-07-26T10:00:45,2000.0,33.0,B
2021-07-26T10:00:42,45000.0,33.0,B
2021-07-26T10:00:30,500.0,33.0,B
2021-07-26T10:00:30,11000.0,33.0,B
2021-07-26T10:00:20,5000.0,33.0,B
2021-07-26T10:00:06,11300.0,32.95,B
2021-07-26T10:00:02,2000.0,32.9,S
2021-07-26T09:59:38,1000.0,32.9,S
2021-07-26T09:59:37,100.0,32.95,B
2021-07-26T09:59:02,200.0,32.9,S
2021-07-26T09:58:05,100.0,32.9,S
2021-07-26T09:58:02,1500.0,32.9,S
2021-07-26T09:57:27,1000.0,32.9,B
2021-07-26T09:57:21,100.0,32.85,S
2021-07-26T09:57:18,5200.0,32.85,B
2021-07-26T09:56:59,9800.0,32.85,B
2021-07-26T09:56:48,200.0,32.9,B
2021-07-26T09:56:32,200.0,32.85,S
2021-07-26T09:56:31,1000.0,32.9,B
2021-07-26T09:56:29,2100.0,32.9,S
2021-07-26T09:56:22,900.0,32.9,S
2021-07-26T09:56:19,1000.0,32.9,B
2021-07-26T09:55:19,100.0,32.85,S
2021-07-26T09:55:00,100.0,32.85,S
2021-07-26T09:54:58,21000.0,32.9,B
2021-07-26T09:54:52,1000.0,32.9,B
2021-07-26T09:54:38,5000.0,32.9,B
2021-07-26T09:54:34,200.0,32.9,B
2021-07-26T09:54:29,1300.0,32.9,B
2021-07-26T09:54:28,15000.0,32.9,B
2021-07-26T09:54:10,2000.0,32.9,B
2021-07-26T09:53:59,1800.0,32.9,B
2021-07-26T09:53:59,20000.0,32.9,B
2021-07-26T09:53:42,1800.0,32.9,B
2021-07-26T09:53:40,50000.0,32.9,B
2021-07-26T09:53:26,1500.0,32.85,S
2021-07-26T09:53:16,400.0,32.85,B
2021-07-26T09:53:16,12300.0,32.85,B
2021-07-26T09:53:10,200.0,32.85,B
2021-07-26T09:53:04,1000.0,32.85,B
2021-07-26T09:53:00,25000.0,32.85,B
2021-07-26T09:52:47,20000.0,32.85,B
2021-07-26T09:52:09,6000.0,32.8,S
2021-07-26T09:51:34,40000.0,32.8,S
2021-07-26T09:51:07,800.0,32.85,B
2021-07-26T09:50:57,1800.0,32.85,B
2021-07-26T09:50:42,35000.0,32.85,B
2021-07-26T09:50:33,20000.0,32.85,B
2021-07-26T09:50:27,400.0,32.8,B
2021-07-26T09:50:27,26200.0,32.8,B
2021-07-26T09:50:26,500.0,32.8,B
2021-07-26T09:50:21,200.0,32.8,B
2021-07-26T09:50:17,300.0,32.8,B
2021-07-26T09:50:16,200.0,32.8,B
2021-07-26T09:50:13,500.0,32.8,B
2021-07-26T09:50:09,500.0,32.8,B
2021-07-26T09:50:06,500.0,32.8,B
2021-07-26T09:50:02,1800.0,32.8,B
2021-07-26T09:49:59,500.0,32.8,B
2021-07-26T09:49:55,1000.0,32.8,B
2021-07-26T09:49:52,5000.0,32.8,B
2021-07-26T09:49:52,2100.0,32.8,B
2021-07-26T09:49:47,100.0,32.8,B
2021-07-26T09:49:42,100.0,32.8,B
2021-07-26T09:49:42,3000.0,32.8,B
2021-07-26T09:49:42,1800.0,32.8,B
2021-07-26T09:49:36,10000.0,32.8,B
2021-07-26T09:49:31,1800.0,32.8,B
2021-07-26T09:49:22,1000.0,32.8,B
2021-07-26T09:49:16,19000.0,32.8,B
2021-07-26T09:49:04,28000.0,32.8,B
2021-07-26T09:48:52,25000.0,32.8,B
2021-07-26T09:48:46,5000.0,32.75,B
2021-07-26T09:48:37,100.0,32.75,B
2021-07-26T09:48:27,1800.0,32.75,B
2021-07-26T09:48:27,200.0,32.7,S
2021-07-26T09:48:26,200.0,32.75,B
2021-07-26T09:47:27,10000.0,32.75,B
2021-07-26T09:47:19,200.0,32.7,S
2021-07-26T09:47:16,100.0,32.75,B
2021-07-26T09:47:14,1000.0,32.7,S
2021-07-26T09:47:00,75000.0,32.75,B
2021-07-26T09:46:59,200.0,32.7,S
2021-07-26T09:46:59,4600.0,32.7,S
2021-07-26T09:46:51,100.0,32.7,S
2021-07-26T09:46:40,2000.0,32.7,S
2021-07-26T09:46:39,5400.0,32.7,S
2021-07-26T09:46:35,100.0,32.75,B
2021-07-26T09:46:19,200.0,32.7,S
2021-07-26T09:46:01,7500.0,32.7,S
2021-07-26T09:45:52,100.0,32.75,B
2021-07-26T09:45:42,500.0,32.75,B
2021-07-26T09:45:39,12800.0,32.75,S
2021-07-26T09:45:25,200.0,32.8,B
2021-07-26T09:45:23,40000.0,32.8,B
2021-07-26T09:45:17,50000.0,32.8,B
2021-07-26T09:44:50,900.0,32.8,S
2021-07-26T09:44:40,500.0,32.8,S
2021-07-26T09:44:25,200.0,32.8,S
2021-07-26T09:44:08,1000.0,32.8,S
2021-07-26T09:43:53,1100.0,32.85,B
2021-07-26T09:43:35,10000.0,32.85,B
2021-07-26T09:43:30,100.0,32.8,B
2021-07-26T09:43:29,1300.0,32.8,B
2021-07-26T09:43:18,10000.0,32.8,B
2021-07-26T09:42:59,3000.0,32.8,S
2021-07-26T09:42:50,500.0,32.9,B
2021-07-26T09:42:45,10000.0,32.9,B
2021-07-26T09:42:44,11700.0,32.9,B
2021-07-26T09:42:41,200.0,32.8,S
2021-07-26T09:42:33,1800.0,32.9,B
2021-07-26T09:42:26,100.0,32.9,B
2021-07-26T09:42:21,1000.0,32.8,S
2021-07-26T09:42:20,2500.0,32.9,B
2021-07-26T09:42:09,1800.0,32.9,B
2021-07-26T09:41:50,100.0,32.9,B
2021-07-26T09:41:49,500.0,32.85,S
2021-07-26T09:41:26,1200.0,32.9,S
2021-07-26T09:41:16,3900.0,33.0,B
2021-07-26T09:41:10,300.0,32.9,S
2021-07-26T09:41:08,100.0,32.9,S
2021-07-26T09:40:53,2000.0,32.9,S
2021-07-26T09:40:35,100.0,33.0,B
2021-07-26T09:40:24,500.0,32.9,S
2021-07-26T09:40:22,1000.0,32.9,B
2021-07-26T09:40:10,200.0,33.0,B
2021-07-26T09:40:10,100000.0,33.0,B
2021-07-26T09:39:56,200000.0,33.0,B
2021-07-26T09:39:53,1000.0,32.8,S
2021-07-26T09:39:40,155700.0,33.0,B
2021-07-26T09:39:40,18700.0,33.0,B
2021-07-26T09:39:40,3900.0,33.0,B
2021-07-26T09:39:40,500.0,33.0,B
2021-07-26T09:39:40,21200.0,33.0,B
2021-07-26T09:39:36,6000.0,32.75,S
2021-07-26T09:39:22,300.0,32.9,S
2021-07-26T09:39:22,1700.0,32.9,B
2021-07-26T09:39:18,100.0,32.9,B
2021-07-26T09:39:18,5200.0,32.9,B
2021-07-26T09:39:07,70000.0,32.9,B
2021-07-26T09:38:58,1000.0,32.8,S
2021-07-26T09:38:53,26100.0,32.9,B
2021-07-26T09:38:53,73900.0,32.9,B
2021-07-26T09:38:46,2300.0,32.85,S
2021-07-26T09:38:33,37700.0,32.85,S
2021-07-26T09:38:24,100.0,32.85,B
2021-07-26T09:38:22,500.0,32.8,S
2021-07-26T09:38:18,63100.0,32.85,B
2021-07-26T09:38:18,16900.0,32.85,B
2021-07-26T09:37:59,63200.0,32.8,S
2021-07-26T09:37:44,47800.0,32.8,B
2021-07-26T09:37:44,2200.0,32.8,B
2021-07-26T09:37:44,5000.0,32.75,S
2021-07-26T09:37:42,1000.0,32.75,S
2021-07-26T09:37:28,5000.0,32.75,B
2021-07-26T09:37:14,500.0,32.7,S
2021-07-26T09:37:11,100.0,32.7,B
2021-07-26T09:37:11,2800.0,32.7,B
2021-07-26T09:37:11,600.0,32.7,B
2021-07-26T09:36:57,500.0,32.65,S
2021-07-26T09:36:24,400.0,32.65,B
2021-07-26T09:35:56,100.0,32.65,B
2021-07-26T09:35:38,3000.0,32.65,B
2021-07-26T09:35:36,300.0,32.6,B
2021-07-26T09:35:11,1500.0,32.55,S
2021-07-26T09:35:02,700.0,32.6,B
2021-07-26T09:34:50,300.0,32.5,S
2021-07-26T09:34:42,1000.0,32.6,B
2021-07-26T09:34:31,500.0,32.6,B
2021-07-26T09:33:50,1000.0,32.5,S
2021-07-26T09:33:46,200.0,32.5,S
2021-07-26T09:33:35,300.0,32.5,S
2021-07-26T09:33:25,200.0,32.6,B
2021-07-26T09:33:05,400.0,32.5,S
2021-07-26T09:33:02,200.0,32.5,S
2021-07-26T09:32:25,8000.0,32.5,S
2021-07-26T09:32:20,600.0,32.55,B
2021-07-26T09:32:09,5000.0,32.55,B
2021-07-26T09:31:54,100.0,32.55,B
2021-07-26T09:31:46,20000.0,32.55,B
2021-07-26T09:31:39,100.0,32.55,B
2021-07-26T09:31:24,500.0,32.55,B
2021-07-26T09:31:23,200.0,32.5,S
2021-07-26T09:31:06,500.0,32.5,S
2021-07-26T09:31:01,500.0,32.5,S
2021-07-26T09:30:47,300.0,32.5,S
2021-07-26T09:30:42,100.0,32.5,S
2021-07-26T09:30:41,1400.0,32.55,B
2021-07-26T09:30:31,500.0,32.55,B
2021-07-26T09:30:22,100.0,32.5,S
2021-07-26T09:30:07,500.0,32.55,B
2021-07-26T09:29:49,1000.0,32.55,B
2021-07-26T09:29:32,500.0,32.55,B
2021-07-26T09:29:31,600.0,32.5,S
2021-07-26T09:29:30,200.0,32.55,B
2021-07-26T09:29:06,100.0,32.5,B
2021-07-26T09:29:01,200.0,32.5,B
2021-07-26T09:28:55,100.0,32.5,B
2021-07-26T09:28:43,900.0,32.45,B
2021-07-26T09:28:42,100.0,32.45,B
2021-07-26T09:28:41,1800.0,32.45,B
2021-07-26T09:28:39,500.0,32.45,B
2021-07-26T09:28:37,2400.0,32.45,S
2021-07-26T09:28:35,700.0,32.5,B
2021-07-26T09:28:30,700.0,32.5,B
2021-07-26T09:28:28,1800.0,32.5,B
2021-07-26T09:28:26,700.0,32.5,B
2021-07-26T09:28:15,1800.0,32.5,B
2021-07-26T09:28:14,2000.0,32.5,B
2021-07-26T09:28:06,200.0,32.5,S
2021-07-26T09:28:06,2200.0,32.55,B
2021-07-26T09:28:06,4800.0,32.5,B
2021-07-26T09:28:05,400.0,32.5,B
2021-07-26T09:28:04,1800.0,32.5,B
2021-07-26T09:28:02,500.0,32.5,S
2021-07-26T09:28:00,500.0,32.55,B
2021-07-26T09:27:59,2100.0,32.55,B
2021-07-26T09:27:56,500.0,32.55,B
2021-07-26T09:27:53,500.0,32.55,B
2021-07-26T09:27:53,1800.0,32.55,B
2021-07-26T09:27:51,400.0,32.5,S
2021-07-26T09:27:49,2200.0,32.55,B
2021-07-26T09:27:44,2100.0,32.55,B
2021-07-26T09:27:44,300.0,32.55,B
2021-07-26T09:27:41,1800.0,32.55,B
2021-07-26T09:27:39,300.0,32.55,B
2021-07-26T09:27:38,100.0,32.5,S
2021-07-26T09:27:38,500.0,32.5,B
2021-07-26T09:27:35,500.0,32.5,S
2021-07-26T09:27:33,100.0,32.55,B
2021-07-26T09:27:30,100.0,32.5,S
2021-07-26T09:27:30,900.0,32.5,S
2021-07-26T09:27:29,1800.0,32.55,B
2021-07-26T09:27:20,1000.0,32.5,S
2021-07-26T09:27:18,100.0,32.5,S
2021-07-26T09:27:16,1800.0,32.55,B
2021-07-26T09:27:14,400.0,32.5,S
2021-07-26T09:27:05,100.0,32.5,S
2021-07-26T09:27:03,1800.0,32.55,B
2021-07-26T09:27:03,100.0,32.5,S
2021-07-26T09:27:00,2000.0,32.5,S
2021-07-26T09:26:59,2000.0,32.5,S
2021-07-26T09:26:56,1500.0,32.5,S
2021-07-26T09:26:56,100.0,32.5,S
2021-07-26T09:26:56,3400.0,32.5,S
2021-07-26T09:26:55,100.0,32.5,S
2021-07-26T09:26:53,1200.0,32.5,S
2021-07-26T09:26:50,2000.0,32.5,S
2021-07-26T09:26:49,1000.0,32.5,S
2021-07-26T09:26:45,4000.0,32.5,S
2021-07-26T09:26:44,600.0,32.5,S
2021-07-26T09:26:41,6800.0,32.5,S
2021-07-26T09:26:40,800.0,32.5,S
2021-07-26T09:26:38,1000.0,32.5,S
2021-07-26T09:26:36,200.0,32.5,S
2021-07-26T09:26:30,4600.0,32.5,S
2021-07-26T09:26:27,10000.0,32.5,S
2021-07-26T09:26:26,3000.0,32.5,S
2021-07-26T09:26:23,1300.0,32.5,S
2021-07-26T09:26:14,5000.0,32.5,S
2021-07-26T09:26:13,1000.0,32.5,S
2021-07-26T09:26:13,1000.0,32.5,S
2021-07-26T09:25:57,2600.0,32.5,S
2021-07-26T09:25:51,100.0,32.55,B
2021-07-26T09:25:37,200.0,32.55,B
2021-07-26T09:25:27,500.0,32.5,S
2021-07-26T09:25:27,100.0,32.55,S
2021-07-26T09:25:22,100.0,32.6,B
2021-07-26T09:25:16,500.0,32.6,B
2021-07-26T09:25:14,500.0,32.6,S
2021-07-26T09:25:14,100.0,32.6,S
2021-07-26T09:25:14,1900.0,32.6,S
2021-07-26T09:25:06,500.0,32.65,B
2021-07-26T09:24:42,200.0,32.65,B
2021-07-26T09:24:39,400.0,32.6,S
2021-07-26T09:24:39,7600.0,32.6,S
2021-07-26T09:24:33,100.0,32.8,B
2021-07-26T09:24:31,100.0,32.8,B
2021-07-26T09:24:13,15200.0,32.8,S
2021-07-26T09:24:13,5000.0,32.8,S
2021-07-26T09:24:07,2000.0,32.8,S
2021-07-26T09:23:57,1500.0,32.8,S
2021-07-26T09:23:56,3200.0,32.8,S
2021-07-26T09:23:54,100.0,32.85,B
2021-07-26T09:23:52,5000.0,32.8,S
2021-07-26T09:23:46,500.0,32.85,B
2021-07-26T09:23:43,1000.0,32.85,B
2021-07-26T09:23:36,300.0,32.8,S
2021-07-26T09:23:33,1000.0,32.8,S
2021-07-26T09:23:27,2000.0,32.8,S
2021-07-26T09:23:14,1600.0,32.8,S
2021-07-26T09:23:03,4000.0,32.8,B
2021-07-26T09:23:03,29900.0,32.8,B
2021-07-26T09:23:02,34500.0,32.6,S
2021-07-26T09:23:02,200.0,32.7,S
2021-07-26T09:23:02,300.0,32.7,S
2021-07-26T09:23:02,1000.0,32.7,S
2021-07-26T09:23:02,32500.0,32.7,S
2021-07-26T09:23:02,23300.0,32.7,S
2021-07-26T09:23:02,500.0,32.75,S
2021-07-26T09:23:02,3300.0,32.75,S
2021-07-26T09:23:02,4400.0,32.75,S
2021-07-26T09:23:02,3000.0,32.8,B
2021-07-26T09:22:56,2000.0,32.8,B
2021-07-26T09:22:46,500.0,32.8,B
2021-07-26T09:22:44,500.0,32.8,B
2021-07-26T09:22:31,20000.0,32.8,B
2021-07-26T09:22:28,400.0,32.75,S
2021-07-26T09:22:21,200.0,32.75,S
2021-07-26T09:22:20,500.0,32.8,B
2021-07-26T09:21:57,500.0,32.8,B
2021-07-26T09:21:50,2000.0,32.75,S
2021-07-26T09:21:38,100.0,32.75,S
2021-07-26T09:21:25,2000.0,32.8,B
2021-07-26T09:21:19,1200.0,32.8,S
2021-07-26T09:21:08,500.0,32.85,B
2021-07-26T09:21:08,2500.0,32.8,S
2021-07-26T09:21:04,1500.0,32.8,S
2021-07-26T09:20:56,100.0,32.8,S
2021-07-26T09:20:54,4700.0,32.8,B
2021-07-26T09:20:50,100.0,32.8,B
2021-07-26T09:20:50,20000.0,32.8,B
2021-07-26T09:20:46,100.0,32.8,B
2021-07-26T09:20:44,300.0,32.8,B
2021-07-26T09:20:40,500.0,32.8,B
2021-07-26T09:20:32,200.0,32.8,B
2021-07-26T09:20:07,100.0,32.8,B
2021-07-26T09:20:03,500.0,32.8,B
2021-07-26T09:19:55,500.0,32.75,S
2021-07-26T09:19:42,400.0,32.75,S
2021-07-26T09:19:39,100.0,32.8,B
2021-07-26T09:19:38,100.0,32.8,B
2021-07-26T09:19:25,100.0,32.8,B
2021-07-26T09:19:25,300.0,32.8,B
2021-07-26T09:19:20,100.0,32.8,B
2021-07-26T09:19:17,3000.0,32.8,B
2021-07-26T09:19:11,1000.0,32.8,B
2021-07-26T09:19:09,1000.0,32.8,B
2021-07-26T09:19:06,200.0,32.8,B
2021-07-26T09:18:43,62000.0,32.8,B
2021-07-26T09:18:43,1000.0,32.8,B
2021-07-26T09:18:43,17000.0,32.8,B
2021-07-26T09:18:28,81700.0,32.7,B
2021-07-26T09:18:22,800.0,32.6,S
2021-07-26T09:18:10,3200.0,32.6,B
2021-07-26T09:18:10,16800.0,32.6,B
2021-07-26T09:18:05,6900.0,32.6,B
2021-07-26T09:18:04,21800.0,32.6,B
2021-07-26T09:17:53,10000.0,32.6,B
2021-07-26T09:17:37,100.0,32.5,S
2021-07-26T09:17:37,300.0,32.5,S
2021-07-26T09:17:37,100.0,32.5,S
2021-07-26T09:17:24,4000.0,32.6,B
2021-07-26T09:17:13,4000.0,32.6,B
2021-07-26T09:17:09,100.0,32.6,B
2021-07-26T09:17:08,100.0,32.6,B
2021-07-26T09:16:41,4400.0,32.6,B
2021-07-26T09:16:41,5600.0,32.6,B
2021-07-26T09:16:26,400.0,32.5,S
2021-07-26T09:16:24,300.0,32.55,B
2021-07-26T09:16:16,500.0,32.55,B
2021-07-26T09:16:14,2000.0,32.5,S
2021-07-26T09:15:56,100.0,32.5,B
2021-07-26T09:15:35,100.0,32.55,B
2021-07-26T09:15:19,30000.0,32.55,B
2021-07-26T09:15:07,2000.0,32.5,B
2021-07-26T09:15:07,500.0,32.5,B
