tradingTime,volume,price,side
2021-07-26T11:29:59,7100.0,6.94,S
2021-07-26T11:29:32,500.0,6.95,S
2021-07-26T11:27:27,7400.0,6.95,S
2021-07-26T11:27:22,300.0,6.95,S
2021-07-26T11:26:48,700.0,6.95,S
2021-07-26T11:26:44,400.0,6.95,S
2021-07-26T11:26:37,16700.0,6.95,B
2021-07-26T11:26:26,600.0,6.95,B
2021-07-26T11:26:26,100.0,6.94,B
2021-07-26T11:26:26,100.0,6.94,B
2021-07-26T11:25:52,5000.0,6.94,B
2021-07-26T11:25:04,4900.0,6.94,B
2021-07-26T11:24:50,10000.0,6.94,B
2021-07-26T11:24:15,2600.0,6.93,B
2021-07-26T11:24:08,3300.0,6.93,B
2021-07-26T11:23:54,2500.0,6.93,B
2021-07-26T11:23:46,1300.0,6.93,B
2021-07-26T11:23:31,2000.0,6.92,B
2021-07-26T11:22:02,9500.0,6.93,B
2021-07-26T11:21:14,7300.0,6.93,B
2021-07-26T11:21:14,1000.0,6.92,B
2021-07-26T11:21:14,31700.0,6.92,B
2021-07-26T11:20:28,1500.0,6.9,B
2021-07-26T11:19:32,200.0,6.9,B
2021-07-26T11:18:57,200.0,6.9,B
2021-07-26T11:18:41,100.0,6.9,B
2021-07-26T11:18:34,100.0,6.9,B
2021-07-26T11:18:22,300.0,6.89,S
2021-07-26T11:18:13,600.0,6.9,B
2021-07-26T11:16:46,3600.0,6.9,S
2021-07-26T11:14:11,100.0,6.91,B
2021-07-26T11:13:17,100.0,6.9,S
2021-07-26T11:12:21,1000.0,6.9,B
2021-07-26T11:12:21,2500.0,6.9,B
2021-07-26T11:12:00,2000.0,6.9,B
2021-07-26T11:11:53,700.0,6.9,B
2021-07-26T11:11:53,400.0,6.9,B
2021-07-26T11:09:34,100.0,6.9,S
2021-07-26T11:08:51,700.0,6.9,B
2021-07-26T11:08:37,400.0,6.9,B
2021-07-26T11:08:37,4600.0,6.9,B
2021-07-26T11:07:21,300.0,6.86,B
2021-07-26T11:07:05,2000.0,6.83,S
2021-07-26T11:05:30,2500.0,6.83,S
2021-07-26T11:05:30,400.0,6.85,S
2021-07-26T11:05:30,7100.0,6.85,S
2021-07-26T11:05:10,100.0,6.86,B
2021-07-26T11:01:55,900.0,6.85,B
2021-07-26T11:00:49,400.0,6.85,S
2021-07-26T11:00:49,600.0,6.85,S
2021-07-26T10:59:41,5000.0,6.85,S
2021-07-26T10:58:59,6300.0,6.83,S
2021-07-26T10:58:59,800.0,6.83,S
2021-07-26T10:58:59,200.0,6.83,S
2021-07-26T10:58:59,28700.0,6.84,S
2021-07-26T10:58:20,800.0,6.9,B
2021-07-26T10:57:59,600.0,6.9,S
2021-07-26T10:57:50,10000.0,6.9,S
2021-07-26T10:57:43,5000.0,6.9,S
2021-07-26T10:56:55,3000.0,6.9,S
2021-07-26T10:56:44,1000.0,6.9,S
2021-07-26T10:55:51,400.0,6.9,B
2021-07-26T10:54:10,4600.0,6.91,B
2021-07-26T10:54:10,400.0,6.91,B
2021-07-26T10:53:38,16000.0,6.85,S
2021-07-26T10:53:36,1800.0,6.92,B
2021-07-26T10:52:23,100.0,6.92,B
2021-07-26T10:51:10,3400.0,6.92,B
2021-07-26T10:50:42,3500.0,6.92,B
2021-07-26T10:49:59,200.0,6.92,B
2021-07-26T10:49:53,100.0,6.91,S
2021-07-26T10:49:29,1400.0,6.91,B
2021-07-26T10:49:24,100.0,6.91,B
2021-07-26T10:48:34,1000.0,6.9,S
2021-07-26T10:48:28,200.0,6.92,B
2021-07-26T10:48:24,400.0,6.9,B
2021-07-26T10:48:19,500.0,6.9,B
2021-07-26T10:48:07,1500.0,6.9,B
2021-07-26T10:47:52,400.0,6.9,B
2021-07-26T10:46:54,500.0,6.88,S
2021-07-26T10:46:34,500.0,6.88,S
2021-07-26T10:46:31,2600.0,6.88,S
2021-07-26T10:46:31,2700.0,6.85,B
2021-07-26T10:46:26,3000.0,6.85,B
2021-07-26T10:45:59,100.0,6.83,B
2021-07-26T10:45:55,500.0,6.83,B
2021-07-26T10:45:46,2000.0,6.83,B
2021-07-26T10:45:45,1000.0,6.83,B
2021-07-26T10:45:40,800.0,6.83,B
2021-07-26T10:45:34,600.0,6.83,S
2021-07-26T10:45:31,900.0,6.83,S
2021-07-26T10:45:30,200.0,6.83,B
2021-07-26T10:45:30,3000.0,6.83,B
2021-07-26T10:45:30,3800.0,6.83,B
2021-07-26T10:45:29,100.0,6.83,B
2021-07-26T10:45:13,500.0,6.83,B
2021-07-26T10:44:48,100.0,6.83,B
2021-07-26T10:44:48,4000.0,6.8,S
2021-07-26T10:44:31,6100.0,6.8,S
2021-07-26T10:44:31,1000.0,6.8,S
2021-07-26T10:44:31,13500.0,6.8,S
2021-07-26T10:44:31,13300.0,6.8,S
2021-07-26T10:44:31,800.0,6.81,S
2021-07-26T10:44:31,4100.0,6.81,S
2021-07-26T10:44:31,2500.0,6.81,S
2021-07-26T10:44:31,2100.0,6.81,S
2021-07-26T10:44:31,300.0,6.82,S
2021-07-26T10:44:31,6300.0,6.82,S
2021-07-26T10:43:54,200.0,6.83,B
2021-07-26T10:43:44,2900.0,6.82,S
2021-07-26T10:43:41,600.0,6.83,B
2021-07-26T10:43:33,2800.0,6.82,S
2021-07-26T10:43:27,3000.0,6.83,B
2021-07-26T10:43:19,100.0,6.83,B
2021-07-26T10:43:09,1800.0,6.83,S
2021-07-26T10:42:34,1500.0,6.83,S
2021-07-26T10:42:24,800.0,6.84,S
2021-07-26T10:42:06,500.0,6.85,S
2021-07-26T10:42:00,3200.0,6.84,S
2021-07-26T10:42:00,3400.0,6.84,S
2021-07-26T10:42:00,13400.0,6.84,S
2021-07-26T10:41:52,3900.0,6.85,S
2021-07-26T10:41:19,1400.0,6.85,S
2021-07-26T10:41:17,1000.0,6.85,S
2021-07-26T10:41:03,800.0,6.85,S
2021-07-26T10:40:54,8500.0,6.86,S
2021-07-26T10:40:53,1000.0,6.87,B
2021-07-26T10:39:41,3000.0,6.87,S
2021-07-26T10:39:00,1000.0,6.88,B
2021-07-26T10:38:19,1300.0,6.88,S
2021-07-26T10:38:09,3000.0,6.88,S
2021-07-26T10:38:05,2100.0,6.88,S
2021-07-26T10:38:05,2100.0,6.88,S
2021-07-26T10:38:05,2300.0,6.88,S
2021-07-26T10:37:38,2000.0,6.88,S
2021-07-26T10:35:42,3000.0,6.88,S
2021-07-26T10:35:13,200.0,6.89,B
2021-07-26T10:33:19,100.0,6.89,B
2021-07-26T10:32:56,600.0,6.89,S
2021-07-26T10:32:17,2000.0,6.89,S
2021-07-26T10:32:11,1900.0,6.89,S
2021-07-26T10:31:51,1700.0,6.89,S
2021-07-26T10:31:51,3200.0,6.89,S
2021-07-26T10:31:10,8100.0,6.9,S
2021-07-26T10:30:10,1000.0,6.92,B
2021-07-26T10:29:24,100.0,6.9,S
2021-07-26T10:29:13,2500.0,6.92,S
2021-07-26T10:29:08,500.0,6.92,B
2021-07-26T10:28:56,500.0,6.92,B
2021-07-26T10:28:36,100.0,6.9,S
2021-07-26T10:28:27,1000.0,6.9,S
2021-07-26T10:27:11,100.0,6.92,B
2021-07-26T10:26:53,2400.0,6.9,B
2021-07-26T10:26:51,1000.0,6.9,B
2021-07-26T10:25:36,100.0,6.9,B
2021-07-26T10:25:30,1500.0,6.9,S
2021-07-26T10:25:14,300.0,6.9,S
2021-07-26T10:25:14,1400.0,6.9,S
2021-07-26T10:23:18,300.0,6.93,B
2021-07-26T10:22:29,2800.0,6.9,S
2021-07-26T10:22:29,5200.0,6.9,S
2021-07-26T10:21:52,300.0,6.93,B
2021-07-26T10:21:05,2000.0,6.9,S
2021-07-26T10:20:14,100.0,6.9,S
2021-07-26T10:19:52,200.0,6.9,S
2021-07-26T10:18:15,300.0,6.9,S
2021-07-26T10:16:08,20000.0,6.95,B
2021-07-26T10:15:56,100.0,6.92,S
2021-07-26T10:15:39,2900.0,6.92,B
2021-07-26T10:12:57,100.0,6.9,S
2021-07-26T10:12:54,300.0,6.9,B
2021-07-26T10:12:51,500.0,6.9,B
2021-07-26T10:12:50,100.0,6.9,B
2021-07-26T10:11:46,3600.0,6.9,S
2021-07-26T10:11:38,500.0,6.9,S
2021-07-26T10:11:35,1300.0,6.9,S
2021-07-26T10:11:17,1800.0,6.91,S
2021-07-26T10:10:30,400.0,6.91,S
2021-07-26T10:10:15,100.0,6.91,B
2021-07-26T10:08:36,300.0,6.9,S
2021-07-26T10:08:36,100.0,6.9,S
2021-07-26T10:08:36,600.0,6.9,S
2021-07-26T10:05:47,9300.0,6.9,S
2021-07-26T10:05:36,100.0,6.92,B
2021-07-26T10:05:34,1000.0,6.92,S
2021-07-26T10:05:00,100.0,6.94,B
2021-07-26T10:04:58,400.0,6.94,B
2021-07-26T10:04:27,200.0,6.94,B
2021-07-26T10:03:59,100.0,6.92,B
2021-07-26T10:03:50,3000.0,6.92,B
2021-07-26T10:03:33,100.0,6.92,B
2021-07-26T10:03:25,100.0,6.92,B
2021-07-26T10:03:24,1500.0,6.92,B
2021-07-26T10:03:06,500.0,6.92,S
2021-07-26T10:02:49,200.0,6.93,B
2021-07-26T10:02:46,100.0,6.94,B
2021-07-26T10:02:37,800.0,6.93,S
2021-07-26T10:02:23,4200.0,6.93,S
2021-07-26T10:01:19,2000.0,6.94,B
2021-07-26T10:00:14,100.0,6.94,B
2021-07-26T10:00:09,100.0,6.94,B
2021-07-26T09:59:48,100.0,6.94,B
2021-07-26T09:59:36,100.0,6.94,B
2021-07-26T09:59:19,200.0,6.94,B
2021-07-26T09:58:45,2000.0,6.94,S
2021-07-26T09:58:31,1000.0,6.94,S
2021-07-26T09:57:31,600.0,6.95,B
2021-07-26T09:57:31,2400.0,6.95,B
2021-07-26T09:57:26,1400.0,6.95,B
2021-07-26T09:57:10,500.0,6.93,S
2021-07-26T09:57:06,1000.0,6.95,B
2021-07-26T09:56:48,5200.0,6.95,B
2021-07-26T09:56:45,5800.0,6.95,B
2021-07-26T09:56:36,1700.0,6.95,B
2021-07-26T09:56:32,500.0,6.95,B
2021-07-26T09:56:28,200.0,6.95,B
2021-07-26T09:56:18,1000.0,6.93,B
2021-07-26T09:56:00,2000.0,6.93,B
2021-07-26T09:55:22,300.0,6.91,B
2021-07-26T09:55:00,400.0,6.91,B
2021-07-26T09:54:45,400.0,6.91,B
2021-07-26T09:54:35,200.0,6.91,B
2021-07-26T09:54:27,500.0,6.9,B
2021-07-26T09:54:22,200.0,6.9,B
2021-07-26T09:54:12,600.0,6.9,B
2021-07-26T09:54:12,1700.0,6.9,B
2021-07-26T09:54:04,1900.0,6.9,B
2021-07-26T09:53:47,3500.0,6.89,B
2021-07-26T09:53:46,1400.0,6.89,B
2021-07-26T09:53:44,600.0,6.89,B
2021-07-26T09:53:42,300.0,6.89,B
2021-07-26T09:53:31,2000.0,6.88,S
2021-07-26T09:53:25,200.0,6.88,S
2021-07-26T09:53:22,1200.0,6.89,B
2021-07-26T09:53:21,1000.0,6.88,S
2021-07-26T09:52:51,1000.0,6.88,S
2021-07-26T09:52:49,3300.0,6.88,B
2021-07-26T09:52:42,2000.0,6.88,B
2021-07-26T09:52:31,200.0,6.87,B
2021-07-26T09:52:20,300.0,6.87,B
2021-07-26T09:52:12,200.0,6.88,B
2021-07-26T09:52:01,200.0,6.88,B
2021-07-26T09:51:55,2000.0,6.88,B
2021-07-26T09:51:17,500.0,6.88,B
2021-07-26T09:50:34,50000.0,6.88,B
2021-07-26T09:50:18,100.0,6.85,B
2021-07-26T09:50:06,100.0,6.85,B
2021-07-26T09:49:17,500.0,6.84,S
2021-07-26T09:48:56,900.0,6.84,S
2021-07-26T09:48:16,100.0,6.86,B
2021-07-26T09:47:48,500.0,6.86,B
2021-07-26T09:47:35,700.0,6.86,B
2021-07-26T09:47:26,100.0,6.84,S
2021-07-26T09:47:07,5000.0,6.85,S
2021-07-26T09:46:29,1900.0,6.85,S
2021-07-26T09:46:02,200.0,6.86,B
2021-07-26T09:45:59,8900.0,6.86,B
2021-07-26T09:44:32,100.0,6.86,B
2021-07-26T09:44:06,1000.0,6.86,B
2021-07-26T09:43:21,100.0,6.88,B
2021-07-26T09:43:12,7000.0,6.85,S
2021-07-26T09:42:54,900.0,6.86,B
2021-07-26T09:42:27,2000.0,6.86,B
2021-07-26T09:42:27,600.0,6.86,B
2021-07-26T09:42:09,300.0,6.86,B
2021-07-26T09:42:05,300.0,6.86,B
2021-07-26T09:41:59,900.0,6.86,B
2021-07-26T09:41:59,400.0,6.86,S
2021-07-26T09:41:24,5200.0,6.86,S
2021-07-26T09:41:13,1000.0,6.88,B
2021-07-26T09:40:28,100.0,6.88,B
2021-07-26T09:40:07,300.0,6.86,S
2021-07-26T09:39:50,1000.0,6.88,B
2021-07-26T09:39:34,3000.0,6.86,S
2021-07-26T09:39:14,1100.0,6.88,S
2021-07-26T09:39:06,6000.0,6.88,B
2021-07-26T09:38:50,500.0,6.88,B
2021-07-26T09:38:26,2000.0,6.88,B
2021-07-26T09:38:05,1000.0,6.87,B
2021-07-26T09:38:05,400.0,6.87,S
2021-07-26T09:37:53,1000.0,6.88,B
2021-07-26T09:37:51,1400.0,6.87,S
2021-07-26T09:37:01,500.0,6.87,S
2021-07-26T09:36:24,100.0,6.86,S
2021-07-26T09:36:14,100.0,6.88,S
2021-07-26T09:35:59,5000.0,6.88,S
2021-07-26T09:35:33,100.0,6.88,S
2021-07-26T09:35:27,4900.0,6.88,S
2021-07-26T09:35:11,4200.0,6.89,B
2021-07-26T09:35:11,2700.0,6.89,B
2021-07-26T09:35:05,2000.0,6.89,B
2021-07-26T09:34:52,100.0,6.89,B
2021-07-26T09:34:26,600.0,6.89,B
2021-07-26T09:34:23,200.0,6.89,B
2021-07-26T09:33:57,1000.0,6.88,S
2021-07-26T09:33:51,5000.0,6.88,S
2021-07-26T09:33:47,1900.0,6.89,B
2021-07-26T09:33:35,800.0,6.88,B
2021-07-26T09:33:31,2000.0,6.88,B
2021-07-26T09:33:17,100.0,6.88,B
2021-07-26T09:33:16,100.0,6.88,B
2021-07-26T09:33:03,1500.0,6.88,B
2021-07-26T09:32:54,100.0,6.88,B
2021-07-26T09:32:23,2000.0,6.85,S
2021-07-26T09:32:18,200.0,6.85,S
2021-07-26T09:30:59,1000.0,6.84,S
2021-07-26T09:30:14,1500.0,6.83,S
2021-07-26T09:30:08,100.0,6.89,B
2021-07-26T09:29:59,200.0,6.89,B
2021-07-26T09:29:49,1000.0,6.89,B
2021-07-26T09:29:43,3000.0,6.83,S
2021-07-26T09:29:18,900.0,6.82,S
2021-07-26T09:29:07,300.0,6.81,B
2021-07-26T09:29:04,1000.0,6.81,B
2021-07-26T09:29:01,1000.0,6.81,B
2021-07-26T09:28:52,2000.0,6.8,S
2021-07-26T09:28:50,200.0,6.81,B
2021-07-26T09:28:33,1500.0,6.81,S
2021-07-26T09:27:28,200.0,6.81,S
2021-07-26T09:27:21,10000.0,6.8,S
2021-07-26T09:27:16,7000.0,6.8,S
2021-07-26T09:27:10,300.0,6.8,S
2021-07-26T09:27:05,2800.0,6.8,S
2021-07-26T09:27:05,2200.0,6.8,S
2021-07-26T09:26:52,2000.0,6.8,S
2021-07-26T09:26:24,500.0,6.9,B
2021-07-26T09:26:22,100.0,6.8,S
2021-07-26T09:26:08,2000.0,6.8,S
2021-07-26T09:25:56,700.0,6.8,S
2021-07-26T09:25:56,1000.0,6.8,S
2021-07-26T09:25:56,800.0,6.81,S
2021-07-26T09:25:52,10000.0,6.82,S
2021-07-26T09:25:38,200.0,6.9,S
2021-07-26T09:25:30,7600.0,6.9,S
2021-07-26T09:25:22,100.0,6.9,B
2021-07-26T09:25:16,5300.0,6.9,S
2021-07-26T09:25:11,1000.0,6.95,B
2021-07-26T09:25:11,6100.0,6.95,B
2021-07-26T09:24:26,100.0,6.95,B
2021-07-26T09:24:20,1000.0,6.95,S
2021-07-26T09:24:07,1000.0,6.96,B
2021-07-26T09:24:00,1800.0,6.9,S
2021-07-26T09:24:00,8700.0,6.9,S
2021-07-26T09:24:00,200.0,6.95,S
2021-07-26T09:24:00,4300.0,6.95,S
2021-07-26T09:23:49,300.0,6.96,B
2021-07-26T09:23:34,3600.0,6.95,S
2021-07-26T09:23:34,1200.0,6.95,S
2021-07-26T09:23:34,6700.0,6.95,S
2021-07-26T09:22:40,300.0,6.95,S
2021-07-26T09:22:40,1500.0,6.95,S
2021-07-26T09:22:40,400.0,6.95,S
2021-07-26T09:22:40,2800.0,6.95,S
2021-07-26T09:21:57,1000.0,6.95,S
2021-07-26T09:21:46,200.0,6.95,S
2021-07-26T09:21:29,100.0,6.95,S
2021-07-26T09:21:28,3000.0,6.99,B
2021-07-26T09:20:52,1000.0,6.95,S
2021-07-26T09:20:52,200.0,6.99,B
2021-07-26T09:20:26,3400.0,6.99,B
2021-07-26T09:20:01,900.0,6.99,B
2021-07-26T09:19:59,1000.0,6.99,B
2021-07-26T09:19:58,2000.0,6.99,B
2021-07-26T09:19:51,200.0,6.99,B
2021-07-26T09:19:07,5000.0,6.99,B
2021-07-26T09:18:50,200.0,6.99,B
2021-07-26T09:18:40,100.0,6.99,B
2021-07-26T09:18:11,300.0,6.99,B
2021-07-26T09:18:11,4700.0,6.99,B
2021-07-26T09:17:53,500.0,6.99,B
2021-07-26T09:17:38,1000.0,6.99,B
2021-07-26T09:17:22,2000.0,7.0,B
2021-07-26T09:16:29,9100.0,6.6,S
2021-07-26T09:16:29,6500.0,6.6,S
2021-07-26T09:16:29,18200.0,6.6,S
2021-07-26T09:16:29,3700.0,6.65,S
2021-07-26T09:16:29,2100.0,6.65,S
2021-07-26T09:16:29,300.0,6.66,S
2021-07-26T09:16:29,10600.0,6.66,S
2021-07-26T09:16:29,31400.0,6.66,S
2021-07-26T09:16:29,300.0,6.7,S
2021-07-26T09:16:29,51500.0,6.7,S
2021-07-26T09:16:29,21400.0,6.7,S
2021-07-26T09:16:29,6000.0,6.7,S
2021-07-26T09:16:29,55200.0,6.7,S
2021-07-26T09:16:29,13100.0,6.71,S
2021-07-26T09:16:29,58100.0,6.72,S
2021-07-26T09:16:29,6000.0,6.75,S
2021-07-26T09:16:29,7300.0,6.76,S
2021-07-26T09:16:29,5800.0,6.8,S
2021-07-26T09:16:29,6000.0,6.8,S
2021-07-26T09:16:29,11200.0,6.8,S
2021-07-26T09:16:29,6000.0,6.8,S
2021-07-26T09:16:29,7100.0,6.81,S
2021-07-26T09:16:29,23100.0,6.81,S
2021-07-26T09:16:29,90000.0,6.82,S
2021-07-26T09:16:29,6000.0,6.85,S
2021-07-26T09:16:29,10200.0,6.85,S
2021-07-26T09:16:29,25300.0,6.86,S
2021-07-26T09:16:26,10900.0,7.0,S
2021-07-26T09:16:16,1300.0,7.0,S
2021-07-26T09:16:09,7800.0,7.0,B
2021-07-26T09:15:07,100.0,7.0,B
