tradingTime,volume,price,side
2021-07-26T11:29:57,200.0,26.6,B
2021-07-26T11:29:56,100.0,26.6,B
2021-07-26T11:29:07,100.0,26.6,B
2021-07-26T11:29:04,1000.0,26.6,B
2021-07-26T11:28:47,500.0,26.55,S
2021-07-26T11:28:39,500.0,26.6,B
2021-07-26T11:28:38,200.0,26.6,B
2021-07-26T11:28:37,2000.0,26.6,B
2021-07-26T11:28:36,100.0,26.6,B
2021-07-26T11:28:35,1000.0,26.6,B
2021-07-26T11:28:22,500.0,26.6,B
2021-07-26T11:28:22,200.0,26.6,B
2021-07-26T11:28:21,2000.0,26.6,B
2021-07-26T11:28:19,500.0,26.6,B
2021-07-26T11:28:07,200.0,26.6,B
2021-07-26T11:27:58,500.0,26.55,S
2021-07-26T11:27:37,100.0,26.6,B
2021-07-26T11:26:47,200.0,26.6,B
2021-07-26T11:26:46,1900.0,26.6,B
2021-07-26T11:26:22,300.0,26.6,B
2021-07-26T11:26:04,500.0,26.6,B
2021-07-26T11:26:04,700.0,26.6,S
2021-07-26T11:26:04,2100.0,26.6,S
2021-07-26T11:26:04,600.0,26.6,S
2021-07-26T11:26:04,600.0,26.6,S
2021-07-26T11:25:42,300.0,26.6,S
2021-07-26T11:24:56,100.0,26.6,S
2021-07-26T11:24:32,100.0,26.6,S
2021-07-26T11:24:27,100.0,26.6,S
2021-07-26T11:24:23,5000.0,26.6,S
2021-07-26T11:24:17,100.0,26.6,S
2021-07-26T11:24:15,200.0,26.6,S
2021-07-26T11:24:12,400.0,26.6,S
2021-07-26T11:24:09,100.0,26.6,S
2021-07-26T11:23:37,200.0,26.65,B
2021-07-26T11:23:34,300.0,26.65,B
2021-07-26T11:23:32,2400.0,26.65,B
2021-07-26T11:23:17,200.0,26.65,B
2021-07-26T11:23:07,200.0,26.65,B
2021-07-26T11:23:06,800.0,26.65,B
2021-07-26T11:23:05,1000.0,26.65,B
2021-07-26T11:21:17,100.0,26.65,B
2021-07-26T11:21:15,100.0,26.65,B
2021-07-26T11:21:15,1100.0,26.65,B
2021-07-26T11:21:15,900.0,26.65,B
2021-07-26T11:21:05,100.0,26.65,B
2021-07-26T11:20:58,100.0,26.65,B
2021-07-26T11:20:44,600.0,26.65,B
2021-07-26T11:20:44,5000.0,26.65,B
2021-07-26T11:19:29,100.0,26.65,B
2021-07-26T11:19:24,200.0,26.65,B
2021-07-26T11:19:24,800.0,26.65,B
2021-07-26T11:19:24,200.0,26.65,B
2021-07-26T11:19:24,900.0,26.65,B
2021-07-26T11:18:20,200.0,26.65,B
2021-07-26T11:18:18,2000.0,26.65,B
2021-07-26T11:18:04,200.0,26.6,S
2021-07-26T11:17:27,300.0,26.6,B
2021-07-26T11:17:13,200.0,26.6,B
2021-07-26T11:17:03,300.0,26.6,B
2021-07-26T11:16:49,600.0,26.6,B
2021-07-26T11:16:45,100.0,26.6,B
2021-07-26T11:16:43,300.0,26.6,B
2021-07-26T11:16:43,700.0,26.6,B
2021-07-26T11:16:43,100.0,26.6,B
2021-07-26T11:16:42,1000.0,26.6,B
2021-07-26T11:16:37,100.0,26.6,B
2021-07-26T11:16:34,100.0,26.6,B
2021-07-26T11:15:58,600.0,26.6,B
2021-07-26T11:15:45,200.0,26.6,B
2021-07-26T11:15:45,1900.0,26.6,B
2021-07-26T11:15:27,200.0,26.6,B
2021-07-26T11:15:17,100.0,26.6,B
2021-07-26T11:15:16,1000.0,26.6,B
2021-07-26T11:15:09,200.0,26.6,B
2021-07-26T11:15:08,2000.0,26.6,B
2021-07-26T11:13:28,1500.0,26.55,B
2021-07-26T11:13:21,100.0,26.55,B
2021-07-26T11:13:20,500.0,26.55,B
2021-07-26T11:13:07,100.0,26.55,B
2021-07-26T11:13:03,600.0,26.55,B
2021-07-26T11:12:50,100.0,26.55,B
2021-07-26T11:12:50,1000.0,26.55,B
2021-07-26T11:12:05,200.0,26.55,B
2021-07-26T11:12:00,800.0,26.55,B
2021-07-26T11:12:00,1100.0,26.55,B
2021-07-26T11:11:37,100.0,26.55,B
2021-07-26T11:10:54,100.0,26.5,S
2021-07-26T11:10:50,200.0,26.55,B
2021-07-26T11:10:49,2000.0,26.55,B
2021-07-26T11:10:39,200.0,26.5,S
2021-07-26T11:10:25,3000.0,26.5,S
2021-07-26T11:10:18,200.0,26.55,B
2021-07-26T11:10:14,200.0,26.55,B
2021-07-26T11:10:13,2000.0,26.55,B
2021-07-26T11:09:11,700.0,26.55,B
2021-07-26T11:09:02,100.0,26.55,B
2021-07-26T11:08:41,100.0,26.55,B
2021-07-26T11:08:41,200.0,26.55,B
2021-07-26T11:08:39,2400.0,26.5,S
2021-07-26T11:08:39,500.0,26.5,S
2021-07-26T11:08:39,100.0,26.5,S
2021-07-26T11:08:22,200.0,26.55,B
2021-07-26T11:08:22,1900.0,26.55,B
2021-07-26T11:08:19,100.0,26.55,B
2021-07-26T11:07:23,700.0,26.5,S
2021-07-26T11:07:23,1900.0,26.5,S
2021-07-26T11:07:23,200.0,26.5,S
2021-07-26T11:07:23,200.0,26.5,S
2021-07-26T11:07:17,2100.0,26.5,S
2021-07-26T11:07:17,5800.0,26.5,S
2021-07-26T11:07:17,1000.0,26.5,S
2021-07-26T11:07:17,100.0,26.5,S
2021-07-26T11:07:17,2000.0,26.5,S
2021-07-26T11:07:17,1100.0,26.5,S
2021-07-26T11:07:17,1700.0,26.5,S
2021-07-26T11:07:17,2300.0,26.5,S
2021-07-26T11:07:17,100.0,26.5,S
2021-07-26T11:07:17,400.0,26.5,S
2021-07-26T11:07:17,100.0,26.5,S
2021-07-26T11:07:17,1900.0,26.5,S
2021-07-26T11:07:16,400.0,26.5,S
2021-07-26T11:07:13,100.0,26.55,B
2021-07-26T11:07:09,700.0,26.55,B
2021-07-26T11:07:08,100.0,26.55,S
2021-07-26T11:07:08,200.0,26.55,S
2021-07-26T11:07:08,200.0,26.55,S
2021-07-26T11:07:08,3900.0,26.55,S
2021-07-26T11:07:08,400.0,26.55,S
2021-07-26T11:07:08,100.0,26.55,S
2021-07-26T11:07:08,900.0,26.55,S
2021-07-26T11:07:08,200.0,26.55,S
2021-07-26T11:06:54,800.0,26.55,S
2021-07-26T11:06:43,100.0,26.6,B
2021-07-26T11:06:33,200.0,26.6,B
2021-07-26T11:06:32,1300.0,26.6,B
2021-07-26T11:06:32,700.0,26.6,B
2021-07-26T11:06:28,300.0,26.6,B
2021-07-26T11:05:57,200.0,26.6,B
2021-07-26T11:04:39,100.0,26.55,S
2021-07-26T11:03:56,100.0,26.6,B
2021-07-26T11:03:46,500.0,26.6,B
2021-07-26T11:03:37,100.0,26.55,B
2021-07-26T11:03:23,100.0,26.55,S
2021-07-26T11:02:52,200.0,26.6,B
2021-07-26T11:02:51,2000.0,26.6,B
2021-07-26T11:02:35,100.0,26.6,B
2021-07-26T11:02:01,100.0,26.6,B
2021-07-26T11:02:01,1300.0,26.6,B
2021-07-26T11:01:59,100.0,26.6,B
2021-07-26T11:01:59,10000.0,26.6,B
2021-07-26T11:01:48,2000.0,26.5,S
2021-07-26T11:01:39,100.0,26.6,B
2021-07-26T11:01:29,1100.0,26.6,B
2021-07-26T11:01:28,1800.0,26.6,B
2021-07-26T11:01:28,5800.0,26.5,S
2021-07-26T11:01:28,1000.0,26.5,S
2021-07-26T11:01:26,14200.0,26.5,S
2021-07-26T11:01:09,100.0,26.55,S
2021-07-26T11:01:05,300.0,26.6,B
2021-07-26T11:01:05,100.0,26.6,B
2021-07-26T11:01:04,2000.0,26.6,B
2021-07-26T11:01:04,100.0,26.6,B
2021-07-26T11:01:04,500.0,26.6,B
2021-07-26T11:01:02,13300.0,26.6,B
2021-07-26T11:01:02,200.0,26.6,B
2021-07-26T11:01:02,6500.0,26.6,B
2021-07-26T11:01:00,1900.0,26.55,B
2021-07-26T11:00:40,500.0,26.55,B
2021-07-26T11:00:40,1600.0,26.55,S
2021-07-26T11:00:40,400.0,26.55,S
2021-07-26T11:00:40,300.0,26.55,S
2021-07-26T11:00:40,500.0,26.55,S
2021-07-26T11:00:40,800.0,26.55,S
2021-07-26T11:00:40,300.0,26.55,S
2021-07-26T11:00:40,100.0,26.55,S
2021-07-26T11:00:40,500.0,26.55,S
2021-07-26T10:59:47,900.0,26.55,S
2021-07-26T10:59:47,100.0,26.55,S
2021-07-26T10:59:42,100.0,26.6,B
2021-07-26T10:59:12,200.0,26.6,B
2021-07-26T10:59:12,1100.0,26.6,B
2021-07-26T10:59:12,900.0,26.6,B
2021-07-26T10:59:04,300.0,26.6,B
2021-07-26T10:58:14,1200.0,26.55,S
2021-07-26T10:58:14,800.0,26.55,S
2021-07-26T10:58:14,200.0,26.55,S
2021-07-26T10:58:09,500.0,26.6,B
2021-07-26T10:58:07,100.0,26.6,B
2021-07-26T10:58:04,100.0,26.55,S
2021-07-26T10:57:49,800.0,26.55,S
2021-07-26T10:57:49,500.0,26.55,S
2021-07-26T10:57:49,200.0,26.55,S
2021-07-26T10:57:49,200.0,26.55,S
2021-07-26T10:57:49,300.0,26.55,S
2021-07-26T10:57:49,700.0,26.55,S
2021-07-26T10:57:49,3100.0,26.55,S
2021-07-26T10:57:49,4200.0,26.55,S
2021-07-26T10:57:35,200.0,26.55,S
2021-07-26T10:57:35,1000.0,26.55,S
2021-07-26T10:57:14,1000.0,26.55,S
2021-07-26T10:56:59,1000.0,26.55,S
2021-07-26T10:56:44,100.0,26.55,S
2021-07-26T10:56:24,500.0,26.55,S
2021-07-26T10:56:19,100.0,26.6,B
2021-07-26T10:56:14,200.0,26.6,B
2021-07-26T10:56:13,300.0,26.6,B
2021-07-26T10:56:12,800.0,26.6,B
2021-07-26T10:55:54,200.0,26.6,B
2021-07-26T10:55:48,2200.0,26.55,S
2021-07-26T10:55:42,400.0,26.6,B
2021-07-26T10:55:41,500.0,26.6,B
2021-07-26T10:55:39,3900.0,26.6,B
2021-07-26T10:55:31,200.0,26.6,B
2021-07-26T10:55:31,200.0,26.6,B
2021-07-26T10:55:29,1000.0,26.6,B
2021-07-26T10:55:29,700.0,26.6,B
2021-07-26T10:55:29,200.0,26.6,B
2021-07-26T10:55:22,200.0,26.6,B
2021-07-26T10:55:21,1100.0,26.6,B
2021-07-26T10:55:19,100.0,26.6,B
2021-07-26T10:55:11,400.0,26.6,B
2021-07-26T10:54:54,200.0,26.6,B
2021-07-26T10:54:54,200.0,26.6,B
2021-07-26T10:54:54,1100.0,26.6,B
2021-07-26T10:54:51,900.0,26.6,B
2021-07-26T10:54:51,3600.0,26.6,B
2021-07-26T10:54:51,5000.0,26.6,B
2021-07-26T10:54:51,200.0,26.55,S
2021-07-26T10:54:33,100.0,26.6,B
2021-07-26T10:54:31,1200.0,26.6,B
2021-07-26T10:54:29,700.0,26.55,S
2021-07-26T10:54:07,1500.0,26.55,S
2021-07-26T10:53:44,10000.0,26.55,S
2021-07-26T10:53:41,100.0,26.55,S
2021-07-26T10:53:30,700.0,26.55,S
2021-07-26T10:52:25,100.0,26.5,S
2021-07-26T10:52:14,7400.0,26.5,S
2021-07-26T10:52:14,1000.0,26.5,S
2021-07-26T10:52:14,200.0,26.5,S
2021-07-26T10:52:14,300.0,26.5,S
2021-07-26T10:52:14,4300.0,26.5,S
2021-07-26T10:52:14,3100.0,26.5,S
2021-07-26T10:52:14,2800.0,26.5,S
2021-07-26T10:52:14,700.0,26.5,S
2021-07-26T10:52:14,400.0,26.5,S
2021-07-26T10:52:14,400.0,26.5,S
2021-07-26T10:52:14,900.0,26.5,S
2021-07-26T10:52:14,1100.0,26.5,S
2021-07-26T10:52:14,600.0,26.5,S
2021-07-26T10:52:14,100.0,26.5,S
2021-07-26T10:52:14,1500.0,26.5,S
2021-07-26T10:52:14,1300.0,26.5,S
2021-07-26T10:52:14,100.0,26.55,S
2021-07-26T10:52:14,2500.0,26.55,S
2021-07-26T10:52:14,200.0,26.55,S
2021-07-26T10:52:13,1100.0,26.55,S
2021-07-26T10:51:59,1500.0,26.55,S
2021-07-26T10:51:39,1100.0,26.55,S
2021-07-26T10:51:28,500.0,26.6,B
2021-07-26T10:51:24,200.0,26.6,B
2021-07-26T10:51:12,2400.0,26.55,B
2021-07-26T10:51:07,100.0,26.55,B
2021-07-26T10:50:54,100.0,26.55,B
2021-07-26T10:50:47,100.0,26.5,S
2021-07-26T10:50:47,500.0,26.6,B
2021-07-26T10:50:32,100.0,26.6,B
2021-07-26T10:50:12,100.0,26.6,B
2021-07-26T10:49:59,400.0,26.6,B
2021-07-26T10:49:59,800.0,26.6,B
2021-07-26T10:49:59,1100.0,26.6,B
2021-07-26T10:49:32,200.0,26.6,B
2021-07-26T10:49:32,200.0,26.6,B
2021-07-26T10:49:31,2000.0,26.6,B
2021-07-26T10:49:30,100.0,26.6,B
2021-07-26T10:49:30,200.0,26.6,B
2021-07-26T10:49:30,100.0,26.6,B
2021-07-26T10:49:27,1000.0,26.6,B
2021-07-26T10:48:55,100.0,26.6,B
2021-07-26T10:48:53,800.0,26.6,B
2021-07-26T10:48:52,1300.0,26.6,B
2021-07-26T10:48:52,2400.0,26.6,B
2021-07-26T10:48:44,100.0,26.6,B
2021-07-26T10:48:37,600.0,26.6,B
2021-07-26T10:48:37,100.0,26.6,B
2021-07-26T10:48:19,100.0,26.6,B
2021-07-26T10:48:19,200.0,26.6,B
2021-07-26T10:48:17,500.0,26.6,B
2021-07-26T10:48:17,900.0,26.6,B
2021-07-26T10:48:16,100.0,26.6,B
2021-07-26T10:48:14,600.0,26.6,B
2021-07-26T10:48:12,600.0,26.6,B
2021-07-26T10:48:12,100.0,26.6,B
2021-07-26T10:48:12,300.0,26.6,S
2021-07-26T10:48:12,300.0,26.6,S
2021-07-26T10:48:12,400.0,26.6,S
2021-07-26T10:48:11,200.0,26.6,S
2021-07-26T10:48:11,1300.0,26.6,S
2021-07-26T10:48:11,700.0,26.6,S
2021-07-26T10:48:10,200.0,26.65,B
2021-07-26T10:48:10,200.0,26.65,B
2021-07-26T10:48:09,1100.0,26.65,B
2021-07-26T10:48:09,900.0,26.65,B
2021-07-26T10:47:53,600.0,26.65,B
2021-07-26T10:47:52,3000.0,26.65,B
2021-07-26T10:47:50,200.0,26.65,B
2021-07-26T10:47:47,1300.0,26.65,B
2021-07-26T10:47:42,500.0,26.65,B
2021-07-26T10:47:41,700.0,26.65,B
2021-07-26T10:47:34,300.0,26.65,B
2021-07-26T10:47:12,500.0,26.65,B
2021-07-26T10:47:12,500.0,26.6,S
2021-07-26T10:46:57,1500.0,26.6,B
2021-07-26T10:46:46,400.0,26.55,B
2021-07-26T10:46:39,400.0,26.5,S
2021-07-26T10:46:34,100.0,26.55,B
2021-07-26T10:46:34,100.0,26.55,B
2021-07-26T10:46:28,500.0,26.55,B
2021-07-26T10:46:26,100.0,26.55,B
2021-07-26T10:46:21,200.0,26.55,B
2021-07-26T10:46:17,100.0,26.5,S
2021-07-26T10:46:16,500.0,26.5,B
2021-07-26T10:46:16,100.0,26.5,B
2021-07-26T10:46:15,5000.0,26.5,B
2021-07-26T10:46:15,100.0,26.5,B
2021-07-26T10:46:15,100.0,26.5,B
2021-07-26T10:46:14,1100.0,26.5,B
2021-07-26T10:46:13,100.0,26.5,B
2021-07-26T10:46:13,100.0,26.5,B
2021-07-26T10:46:12,5000.0,26.5,B
2021-07-26T10:46:12,1000.0,26.5,B
2021-07-26T10:46:11,200.0,26.5,B
2021-07-26T10:46:11,200.0,26.5,B
2021-07-26T10:46:09,1000.0,26.5,B
2021-07-26T10:46:08,200.0,26.5,B
2021-07-26T10:46:05,100.0,26.5,B
2021-07-26T10:46:04,400.0,26.5,B
2021-07-26T10:46:03,300.0,26.5,B
2021-07-26T10:46:03,100.0,26.5,B
2021-07-26T10:46:03,3500.0,26.5,B
2021-07-26T10:46:02,13900.0,26.5,B
2021-07-26T10:45:59,800.0,26.5,B
2021-07-26T10:45:54,1000.0,26.45,S
2021-07-26T10:45:50,200.0,26.5,B
2021-07-26T10:45:49,1000.0,26.5,B
2021-07-26T10:45:38,200.0,26.45,B
2021-07-26T10:45:35,200.0,26.45,B
2021-07-26T10:45:34,400.0,26.45,S
2021-07-26T10:45:34,1200.0,26.45,S
2021-07-26T10:45:20,100.0,26.5,B
2021-07-26T10:45:17,100.0,26.45,S
2021-07-26T10:45:04,300.0,26.4,S
2021-07-26T10:45:04,100.0,26.45,S
2021-07-26T10:45:02,400.0,26.45,B
2021-07-26T10:44:54,100.0,26.45,S
2021-07-26T10:44:52,100.0,26.5,B
2021-07-26T10:44:47,100.0,26.5,B
2021-07-26T10:44:47,100.0,26.5,B
2021-07-26T10:44:46,100.0,26.5,B
2021-07-26T10:44:46,1000.0,26.4,S
2021-07-26T10:44:45,200.0,26.5,B
2021-07-26T10:44:45,100.0,26.45,B
2021-07-26T10:44:45,100.0,26.45,B
2021-07-26T10:44:44,1400.0,26.5,B
2021-07-26T10:44:44,1300.0,26.5,B
2021-07-26T10:44:43,11000.0,26.5,B
2021-07-26T10:44:41,100.0,26.45,B
2021-07-26T10:44:40,900.0,26.45,B
2021-07-26T10:44:39,4000.0,26.45,B
2021-07-26T10:44:37,1400.0,26.4,S
2021-07-26T10:44:35,1000.0,26.4,S
2021-07-26T10:44:33,300.0,26.45,B
2021-07-26T10:44:32,200.0,26.45,B
2021-07-26T10:44:32,2400.0,26.45,B
2021-07-26T10:44:32,100.0,26.45,B
2021-07-26T10:44:30,100.0,26.45,S
2021-07-26T10:44:30,1900.0,26.45,S
2021-07-26T10:44:30,200.0,26.45,S
2021-07-26T10:44:30,700.0,26.45,S
2021-07-26T10:44:30,1600.0,26.45,S
2021-07-26T10:44:30,1500.0,26.45,S
2021-07-26T10:44:30,100.0,26.45,S
2021-07-26T10:44:30,3900.0,26.45,S
2021-07-26T10:44:19,2000.0,26.45,S
2021-07-26T10:44:17,5800.0,26.45,S
2021-07-26T10:44:17,300.0,26.45,S
2021-07-26T10:44:17,2400.0,26.45,S
2021-07-26T10:44:15,4300.0,26.45,S
2021-07-26T10:44:13,200.0,26.45,S
2021-07-26T10:43:57,3000.0,26.45,S
2021-07-26T10:43:57,1000.0,26.5,B
2021-07-26T10:43:44,500.0,26.5,B
2021-07-26T10:43:43,300.0,26.5,B
2021-07-26T10:43:32,200.0,26.5,B
2021-07-26T10:43:29,400.0,26.5,B
2021-07-26T10:43:28,900.0,26.5,B
2021-07-26T10:43:28,1100.0,26.5,B
2021-07-26T10:43:28,100.0,26.5,B
2021-07-26T10:43:27,8400.0,26.5,B
2021-07-26T10:43:25,300.0,26.5,B
2021-07-26T10:43:25,1400.0,26.5,S
2021-07-26T10:43:25,200.0,26.5,S
2021-07-26T10:43:25,100.0,26.5,S
2021-07-26T10:43:25,1500.0,26.5,S
2021-07-26T10:43:25,1900.0,26.5,S
2021-07-26T10:43:25,4400.0,26.5,S
2021-07-26T10:43:25,1200.0,26.5,S
2021-07-26T10:43:25,100.0,26.5,S
2021-07-26T10:43:25,200.0,26.5,S
2021-07-26T10:43:25,2100.0,26.5,S
2021-07-26T10:43:25,1000.0,26.5,S
2021-07-26T10:43:25,900.0,26.5,S
2021-07-26T10:43:25,1700.0,26.5,S
2021-07-26T10:43:25,3100.0,26.5,S
2021-07-26T10:43:25,1000.0,26.5,S
2021-07-26T10:43:25,100.0,26.5,S
2021-07-26T10:43:25,2300.0,26.5,S
2021-07-26T10:43:25,1200.0,26.5,S
2021-07-26T10:43:25,1300.0,26.5,S
2021-07-26T10:43:25,1100.0,26.5,S
2021-07-26T10:43:25,1400.0,26.5,S
2021-07-26T10:43:25,200.0,26.5,S
2021-07-26T10:43:25,1600.0,26.5,S
2021-07-26T10:43:25,4800.0,26.5,S
2021-07-26T10:43:25,600.0,26.5,S
2021-07-26T10:43:25,4500.0,26.5,S
2021-07-26T10:43:08,100.0,26.5,S
2021-07-26T10:43:03,100.0,26.55,B
2021-07-26T10:43:00,400.0,26.55,B
2021-07-26T10:42:39,400.0,26.55,B
2021-07-26T10:42:38,1100.0,26.55,B
2021-07-26T10:42:38,800.0,26.55,B
2021-07-26T10:42:36,300.0,26.55,B
2021-07-26T10:42:35,100.0,26.55,B
2021-07-26T10:42:35,1600.0,26.55,B
2021-07-26T10:42:34,700.0,26.55,B
2021-07-26T10:42:34,100.0,26.55,B
2021-07-26T10:42:32,600.0,26.55,S
2021-07-26T10:42:32,600.0,26.55,S
2021-07-26T10:42:32,200.0,26.55,S
2021-07-26T10:42:32,2100.0,26.55,S
2021-07-26T10:42:20,100.0,26.55,S
2021-07-26T10:42:20,1900.0,26.55,S
2021-07-26T10:42:16,2400.0,26.55,S
2021-07-26T10:42:16,600.0,26.55,S
2021-07-26T10:42:13,2000.0,26.55,S
2021-07-26T10:41:56,100.0,26.55,S
2021-07-26T10:41:34,1000.0,26.55,S
2021-07-26T10:41:13,100.0,26.6,B
2021-07-26T10:41:09,100.0,26.6,B
2021-07-26T10:41:09,200.0,26.55,S
2021-07-26T10:41:04,100.0,26.6,B
2021-07-26T10:41:04,100.0,26.6,B
2021-07-26T10:41:03,1400.0,26.6,B
2021-07-26T10:41:02,200.0,26.6,B
2021-07-26T10:40:50,300.0,26.6,B
2021-07-26T10:40:50,200.0,26.6,B
2021-07-26T10:40:49,500.0,26.6,B
2021-07-26T10:40:49,1200.0,26.6,B
2021-07-26T10:40:49,1000.0,26.6,B
2021-07-26T10:40:48,200.0,26.6,B
2021-07-26T10:40:48,8500.0,26.6,B
2021-07-26T10:40:48,1100.0,26.6,B
2021-07-26T10:40:46,3600.0,26.55,S
2021-07-26T10:40:46,200.0,26.55,S
2021-07-26T10:40:46,200.0,26.55,S
2021-07-26T10:40:46,1800.0,26.55,S
2021-07-26T10:40:46,1600.0,26.55,S
2021-07-26T10:40:46,600.0,26.55,S
2021-07-26T10:40:46,200.0,26.55,S
2021-07-26T10:40:46,3600.0,26.55,S
2021-07-26T10:40:46,600.0,26.55,S
2021-07-26T10:40:39,300.0,26.6,B
2021-07-26T10:40:33,100.0,26.6,S
2021-07-26T10:40:33,100.0,26.6,S
2021-07-26T10:40:29,800.0,26.6,B
2021-07-26T10:40:28,3000.0,26.6,S
2021-07-26T10:40:28,1200.0,26.6,S
2021-07-26T10:40:24,1100.0,26.6,S
2021-07-26T10:40:24,100.0,26.6,S
2021-07-26T10:40:24,800.0,26.6,S
2021-07-26T10:40:21,1100.0,26.6,S
2021-07-26T10:40:21,300.0,26.6,S
2021-07-26T10:40:21,1600.0,26.6,S
2021-07-26T10:40:21,1200.0,26.6,S
2021-07-26T10:40:21,200.0,26.6,S
2021-07-26T10:40:21,100.0,26.6,S
2021-07-26T10:40:21,600.0,26.6,S
2021-07-26T10:40:21,8600.0,26.6,S
2021-07-26T10:40:21,100.0,26.6,S
2021-07-26T10:40:21,5800.0,26.6,S
2021-07-26T10:40:16,100.0,26.65,B
2021-07-26T10:40:14,600.0,26.6,S
2021-07-26T10:40:14,700.0,26.6,S
2021-07-26T10:40:11,2000.0,26.6,S
2021-07-26T10:39:58,400.0,26.6,S
2021-07-26T10:39:50,5000.0,26.6,S
2021-07-26T10:39:49,300.0,26.65,B
2021-07-26T10:39:46,900.0,26.6,S
2021-07-26T10:39:43,2000.0,26.6,S
2021-07-26T10:39:24,100.0,26.6,S
2021-07-26T10:39:15,100.0,26.6,S
2021-07-26T10:39:12,300.0,26.6,S
2021-07-26T10:38:59,100.0,26.65,B
2021-07-26T10:38:59,500.0,26.65,B
2021-07-26T10:38:58,300.0,26.65,B
2021-07-26T10:38:57,100.0,26.65,B
2021-07-26T10:38:57,500.0,26.6,S
2021-07-26T10:38:57,1100.0,26.65,B
2021-07-26T10:38:57,800.0,26.65,B
2021-07-26T10:38:52,200.0,26.65,B
2021-07-26T10:38:44,100.0,26.65,B
2021-07-26T10:38:38,200.0,26.6,S
2021-07-26T10:38:26,100.0,26.65,B
2021-07-26T10:38:19,100.0,26.65,B
2021-07-26T10:38:18,800.0,26.65,B
2021-07-26T10:38:16,1000.0,26.6,S
2021-07-26T10:38:01,1600.0,26.6,S
2021-07-26T10:37:55,200.0,26.65,B
2021-07-26T10:37:55,1300.0,26.65,B
2021-07-26T10:37:54,1500.0,26.65,S
2021-07-26T10:37:54,1100.0,26.65,S
2021-07-26T10:37:54,3000.0,26.65,S
2021-07-26T10:37:39,100.0,26.7,B
2021-07-26T10:37:36,100.0,26.7,B
2021-07-26T10:37:21,1300.0,26.65,S
2021-07-26T10:37:21,3300.0,26.65,S
2021-07-26T10:37:21,400.0,26.65,S
2021-07-26T10:37:20,5000.0,26.65,S
2021-07-26T10:37:14,100.0,26.7,B
2021-07-26T10:37:13,300.0,26.65,S
2021-07-26T10:37:13,1800.0,26.65,S
2021-07-26T10:37:13,21800.0,26.65,S
2021-07-26T10:37:13,900.0,26.65,S
2021-07-26T10:37:13,2100.0,26.65,S
2021-07-26T10:37:13,900.0,26.65,S
2021-07-26T10:37:13,2500.0,26.65,S
2021-07-26T10:37:09,200.0,26.7,B
2021-07-26T10:37:09,200.0,26.7,B
2021-07-26T10:37:07,1100.0,26.7,B
2021-07-26T10:37:07,900.0,26.7,B
2021-07-26T10:37:06,100.0,26.7,B
2021-07-26T10:36:58,2200.0,26.65,S
2021-07-26T10:36:53,500.0,26.7,B
2021-07-26T10:36:52,2600.0,26.7,B
2021-07-26T10:36:51,100.0,26.7,B
2021-07-26T10:36:51,500.0,26.7,B
2021-07-26T10:36:51,700.0,26.7,S
2021-07-26T10:36:51,1200.0,26.7,S
2021-07-26T10:36:51,2500.0,26.7,S
2021-07-26T10:36:51,800.0,26.7,S
2021-07-26T10:36:51,5200.0,26.7,S
2021-07-26T10:36:31,200.0,26.75,B
2021-07-26T10:36:31,2200.0,26.7,S
2021-07-26T10:36:18,100.0,26.75,B
2021-07-26T10:36:15,400.0,26.75,B
2021-07-26T10:36:15,500.0,26.75,B
2021-07-26T10:36:15,300.0,26.75,B
2021-07-26T10:36:04,100.0,26.75,B
2021-07-26T10:35:37,300.0,26.75,B
2021-07-26T10:35:30,500.0,26.7,S
2021-07-26T10:35:21,3500.0,26.7,S
2021-07-26T10:35:21,4000.0,26.7,S
2021-07-26T10:35:21,1700.0,26.7,S
2021-07-26T10:35:21,800.0,26.7,S
2021-07-26T10:34:45,400.0,26.7,S
2021-07-26T10:34:45,400.0,26.7,S
2021-07-26T10:34:45,200.0,26.7,S
2021-07-26T10:34:44,200.0,26.75,B
2021-07-26T10:34:42,1000.0,26.75,B
2021-07-26T10:34:02,100.0,26.75,B
2021-07-26T10:34:02,100.0,26.75,B
2021-07-26T10:33:49,2200.0,26.7,S
2021-07-26T10:33:35,100.0,26.75,B
2021-07-26T10:33:23,1000.0,26.7,B
2021-07-26T10:33:22,1600.0,26.7,B
2021-07-26T10:33:21,1000.0,26.7,B
2021-07-26T10:33:19,200.0,26.7,B
2021-07-26T10:33:07,100.0,26.7,B
2021-07-26T10:33:07,200.0,26.7,B
2021-07-26T10:32:49,700.0,26.7,B
2021-07-26T10:32:22,100.0,26.65,S
2021-07-26T10:32:18,200.0,26.7,B
2021-07-26T10:32:16,1000.0,26.7,B
2021-07-26T10:31:54,200.0,26.65,S
2021-07-26T10:31:44,500.0,26.7,B
2021-07-26T10:31:36,400.0,26.7,B
2021-07-26T10:31:36,200.0,26.7,B
2021-07-26T10:31:36,1900.0,26.7,B
2021-07-26T10:31:02,200.0,26.7,B
2021-07-26T10:30:44,100.0,26.7,B
2021-07-26T10:30:35,100.0,26.7,B
2021-07-26T10:30:33,200.0,26.7,B
2021-07-26T10:30:29,100.0,26.65,S
2021-07-26T10:30:20,300.0,26.7,B
2021-07-26T10:30:20,300.0,26.7,B
2021-07-26T10:30:18,300.0,26.7,B
2021-07-26T10:30:18,200.0,26.7,S
2021-07-26T10:30:18,300.0,26.7,S
2021-07-26T10:30:18,100.0,26.7,S
2021-07-26T10:30:18,1300.0,26.7,S
2021-07-26T10:30:18,100.0,26.7,S
2021-07-26T10:30:18,600.0,26.7,S
2021-07-26T10:30:07,1900.0,26.7,S
2021-07-26T10:30:07,1100.0,26.7,S
2021-07-26T10:30:07,1100.0,26.7,S
2021-07-26T10:30:06,100.0,26.7,S
2021-07-26T10:29:57,100.0,26.7,S
2021-07-26T10:29:48,100.0,26.7,S
2021-07-26T10:29:43,800.0,26.7,S
2021-07-26T10:29:43,200.0,26.7,S
2021-07-26T10:29:43,9000.0,26.7,S
2021-07-26T10:29:42,100.0,26.75,B
2021-07-26T10:29:10,2200.0,26.7,S
2021-07-26T10:28:53,100.0,26.75,B
2021-07-26T10:28:40,600.0,26.7,S
2021-07-26T10:28:37,300.0,26.75,B
2021-07-26T10:28:27,100.0,26.75,B
2021-07-26T10:28:24,200.0,26.7,S
2021-07-26T10:28:24,100.0,26.7,S
2021-07-26T10:28:24,400.0,26.7,S
2021-07-26T10:28:20,2800.0,26.7,S
2021-07-26T10:28:20,1200.0,26.7,S
2021-07-26T10:28:20,6000.0,26.7,S
2021-07-26T10:28:20,300.0,26.7,S
2021-07-26T10:28:14,5700.0,26.7,S
2021-07-26T10:28:14,100.0,26.7,S
2021-07-26T10:28:14,3400.0,26.7,S
2021-07-26T10:28:14,100.0,26.7,S
2021-07-26T10:28:14,200.0,26.7,S
2021-07-26T10:28:14,1100.0,26.7,S
2021-07-26T10:28:14,1700.0,26.7,S
2021-07-26T10:28:14,3100.0,26.7,S
2021-07-26T10:28:14,1700.0,26.7,S
2021-07-26T10:28:14,200.0,26.7,S
2021-07-26T10:28:14,2700.0,26.7,S
2021-07-26T10:28:13,300.0,26.7,S
2021-07-26T10:28:06,300.0,26.7,S
2021-07-26T10:28:03,300.0,26.7,S
2021-07-26T10:27:58,300.0,26.7,S
2021-07-26T10:27:50,300.0,26.7,S
2021-07-26T10:27:42,100.0,26.7,S
2021-07-26T10:27:34,100.0,26.75,B
2021-07-26T10:27:31,1500.0,26.7,S
2021-07-26T10:27:14,100.0,26.75,B
2021-07-26T10:27:14,500.0,26.7,S
2021-07-26T10:27:00,100.0,26.75,B
2021-07-26T10:26:06,200.0,26.8,B
2021-07-26T10:26:06,100.0,26.8,B
2021-07-26T10:26:05,1000.0,26.8,B
2021-07-26T10:26:05,900.0,26.8,B
2021-07-26T10:26:01,200.0,26.8,B
2021-07-26T10:25:38,100.0,26.8,B
2021-07-26T10:25:37,200.0,26.8,B
2021-07-26T10:25:35,1000.0,26.8,B
2021-07-26T10:24:30,500.0,26.8,B
2021-07-26T10:24:16,200.0,26.8,B
2021-07-26T10:24:16,200.0,26.8,B
2021-07-26T10:24:14,1900.0,26.8,B
2021-07-26T10:23:42,100.0,26.8,B
2021-07-26T10:22:58,200.0,26.8,B
2021-07-26T10:22:56,1600.0,26.7,S
2021-07-26T10:22:56,100.0,26.7,S
2021-07-26T10:22:56,1000.0,26.7,S
2021-07-26T10:22:56,300.0,26.7,S
2021-07-26T10:22:56,200.0,26.7,S
2021-07-26T10:22:56,3100.0,26.7,S
2021-07-26T10:22:56,1700.0,26.7,S
2021-07-26T10:22:56,1000.0,26.7,S
2021-07-26T10:22:56,500.0,26.7,S
2021-07-26T10:22:56,800.0,26.7,S
2021-07-26T10:22:47,400.0,26.75,B
2021-07-26T10:22:45,2000.0,26.75,B
2021-07-26T10:22:39,100.0,26.75,B
2021-07-26T10:22:28,100.0,26.75,B
2021-07-26T10:22:25,400.0,26.75,B
2021-07-26T10:22:24,2000.0,26.75,B
2021-07-26T10:22:13,100.0,26.75,B
2021-07-26T10:22:11,100.0,26.75,B
2021-07-26T10:22:07,200.0,26.75,B
2021-07-26T10:22:06,300.0,26.75,S
2021-07-26T10:22:06,800.0,26.75,S
2021-07-26T10:21:56,2700.0,26.75,S
2021-07-26T10:21:27,100.0,26.8,B
2021-07-26T10:21:00,200.0,26.8,B
2021-07-26T10:20:59,200.0,26.75,S
2021-07-26T10:20:54,600.0,26.75,B
2021-07-26T10:20:47,500.0,26.7,S
2021-07-26T10:20:36,100.0,26.75,B
2021-07-26T10:20:34,200.0,26.75,B
2021-07-26T10:20:34,200.0,26.75,B
2021-07-26T10:20:34,1900.0,26.75,B
2021-07-26T10:20:29,100.0,26.75,B
2021-07-26T10:20:29,100.0,26.75,B
2021-07-26T10:20:27,1100.0,26.75,B
2021-07-26T10:20:10,400.0,26.75,B
2021-07-26T10:20:10,2000.0,26.75,B
2021-07-26T10:19:45,100.0,26.75,B
2021-07-26T10:19:28,700.0,26.75,B
2021-07-26T10:19:28,3300.0,26.75,B
2021-07-26T10:19:27,100.0,26.75,B
2021-07-26T10:19:26,1100.0,26.75,S
2021-07-26T10:19:26,3600.0,26.75,S
2021-07-26T10:19:26,2000.0,26.75,S
2021-07-26T10:19:26,3000.0,26.75,S
2021-07-26T10:19:26,300.0,26.75,S
2021-07-26T10:19:26,1000.0,26.75,S
2021-07-26T10:19:26,100.0,26.75,S
2021-07-26T10:19:26,300.0,26.75,S
2021-07-26T10:19:26,300.0,26.75,S
2021-07-26T10:19:26,500.0,26.75,S
2021-07-26T10:19:26,1100.0,26.75,S
2021-07-26T10:19:26,200.0,26.75,S
2021-07-26T10:19:26,600.0,26.75,S
2021-07-26T10:18:44,400.0,26.8,B
2021-07-26T10:18:44,1100.0,26.8,B
2021-07-26T10:18:44,900.0,26.8,B
2021-07-26T10:17:45,100.0,26.8,B
2021-07-26T10:17:39,200.0,26.8,B
2021-07-26T10:17:38,1000.0,26.8,B
2021-07-26T10:17:32,100.0,26.8,B
2021-07-26T10:17:30,100.0,26.8,B
2021-07-26T10:17:28,100.0,26.8,B
2021-07-26T10:17:28,100.0,26.8,B
2021-07-26T10:17:27,1000.0,26.8,B
2021-07-26T10:17:26,100.0,26.8,B
2021-07-26T10:17:19,200.0,26.8,B
2021-07-26T10:17:16,100.0,26.8,B
2021-07-26T10:16:55,100.0,26.8,B
2021-07-26T10:16:55,100.0,26.8,B
2021-07-26T10:16:55,500.0,26.8,B
2021-07-26T10:16:55,500.0,26.8,B
2021-07-26T10:16:54,100.0,26.8,B
2021-07-26T10:16:53,100.0,26.8,B
2021-07-26T10:16:53,4400.0,26.8,S
2021-07-26T10:16:53,300.0,26.85,B
2021-07-26T10:16:52,400.0,26.8,S
2021-07-26T10:16:52,100.0,26.8,S
2021-07-26T10:16:52,100.0,26.8,S
2021-07-26T10:16:52,400.0,26.8,S
2021-07-26T10:16:39,1400.0,26.8,B
2021-07-26T10:16:31,100.0,26.8,B
2021-07-26T10:16:28,500.0,26.8,S
2021-07-26T10:16:25,200.0,26.8,S
2021-07-26T10:16:17,300.0,26.8,B
2021-07-26T10:16:01,100.0,26.8,S
2021-07-26T10:16:01,200.0,26.8,S
2021-07-26T10:15:56,1000.0,26.8,S
2021-07-26T10:15:52,5000.0,26.8,S
2021-07-26T10:15:50,100.0,26.8,S
2021-07-26T10:15:31,900.0,26.8,S
2021-07-26T10:15:23,400.0,26.85,B
2021-07-26T10:15:15,600.0,26.85,B
2021-07-26T10:15:09,600.0,26.85,B
2021-07-26T10:15:05,600.0,26.85,B
2021-07-26T10:15:04,2500.0,26.8,B
2021-07-26T10:15:04,700.0,26.8,B
2021-07-26T10:15:04,2200.0,26.8,B
2021-07-26T10:15:04,4500.0,26.8,B
2021-07-26T10:15:04,5300.0,26.8,B
2021-07-26T10:15:03,1100.0,26.8,B
2021-07-26T10:15:03,900.0,26.8,B
2021-07-26T10:14:49,400.0,26.8,B
2021-07-26T10:14:46,500.0,26.8,B
2021-07-26T10:14:45,2600.0,26.8,B
2021-07-26T10:14:40,600.0,26.8,B
2021-07-26T10:14:38,100.0,26.8,B
2021-07-26T10:14:38,100.0,26.8,B
2021-07-26T10:14:37,600.0,26.8,B
2021-07-26T10:14:37,100.0,26.8,B
2021-07-26T10:14:34,1500.0,26.8,B
2021-07-26T10:14:30,100.0,26.8,B
2021-07-26T10:14:24,100.0,26.8,B
2021-07-26T10:14:24,100.0,26.8,B
2021-07-26T10:14:24,1500.0,26.8,B
2021-07-26T10:14:11,200.0,26.8,B
2021-07-26T10:14:11,400.0,26.75,S
2021-07-26T10:14:07,600.0,26.8,B
2021-07-26T10:14:02,600.0,26.8,B
2021-07-26T10:14:01,200.0,26.8,B
2021-07-26T10:13:59,1100.0,26.8,B
2021-07-26T10:13:59,400.0,26.8,B
2021-07-26T10:13:55,400.0,26.8,B
2021-07-26T10:13:49,400.0,26.75,S
2021-07-26T10:13:27,400.0,26.75,S
2021-07-26T10:13:14,400.0,26.8,B
2021-07-26T10:13:13,1100.0,26.8,B
2021-07-26T10:13:13,800.0,26.8,B
2021-07-26T10:12:00,700.0,26.8,B
2021-07-26T10:11:23,200.0,26.8,B
2021-07-26T10:11:23,200.0,26.8,B
2021-07-26T10:11:22,900.0,26.8,B
2021-07-26T10:11:22,1100.0,26.8,B
2021-07-26T10:10:55,100.0,26.8,B
2021-07-26T10:10:37,100.0,26.8,B
2021-07-26T10:10:36,100.0,26.8,B
2021-07-26T10:10:36,1000.0,26.8,B
2021-07-26T10:10:13,300.0,26.75,S
2021-07-26T10:09:34,400.0,26.8,B
2021-07-26T10:09:32,500.0,26.8,B
2021-07-26T10:09:32,300.0,26.8,B
2021-07-26T10:09:32,700.0,26.8,B
2021-07-26T10:09:32,400.0,26.8,B
2021-07-26T10:09:26,100.0,26.8,B
2021-07-26T10:09:06,100.0,26.8,B
2021-07-26T10:08:17,100.0,26.8,B
2021-07-26T10:08:17,100.0,26.8,B
2021-07-26T10:08:16,1000.0,26.8,B
2021-07-26T10:08:15,200.0,26.8,B
2021-07-26T10:08:13,1100.0,26.8,S
2021-07-26T10:07:42,200.0,26.85,B
2021-07-26T10:07:42,200.0,26.85,B
2021-07-26T10:07:41,900.0,26.85,B
2021-07-26T10:07:41,1000.0,26.85,B
2021-07-26T10:07:40,100.0,26.85,B
2021-07-26T10:07:35,1100.0,26.8,B
2021-07-26T10:07:35,400.0,26.8,B
2021-07-26T10:07:03,100.0,26.8,B
2021-07-26T10:06:57,600.0,26.8,B
2021-07-26T10:05:52,200.0,26.8,B
2021-07-26T10:05:51,200.0,26.8,B
2021-07-26T10:05:51,1100.0,26.8,B
2021-07-26T10:05:51,800.0,26.8,B
2021-07-26T10:04:47,100.0,26.8,B
2021-07-26T10:04:44,500.0,26.8,B
2021-07-26T10:04:44,400.0,26.8,B
2021-07-26T10:04:44,4000.0,26.8,B
2021-07-26T10:04:43,500.0,26.8,B
2021-07-26T10:04:32,700.0,26.8,B
2021-07-26T10:04:30,200.0,26.8,S
2021-07-26T10:04:30,2200.0,26.8,S
2021-07-26T10:04:30,200.0,26.8,S
2021-07-26T10:04:30,700.0,26.8,S
2021-07-26T10:04:30,100.0,26.8,S
2021-07-26T10:04:30,1000.0,26.8,S
2021-07-26T10:04:18,1500.0,26.8,S
2021-07-26T10:03:12,100.0,26.8,S
2021-07-26T10:03:03,100.0,26.85,B
2021-07-26T10:02:41,200.0,26.85,B
2021-07-26T10:02:35,100.0,26.8,B
2021-07-26T10:02:34,1000.0,26.8,B
2021-07-26T10:02:19,200.0,26.8,B
2021-07-26T10:02:13,100.0,26.8,B
2021-07-26T10:02:12,100.0,26.8,B
2021-07-26T10:02:12,400.0,26.8,B
2021-07-26T10:02:11,1000.0,26.8,B
2021-07-26T10:02:11,1900.0,26.8,B
2021-07-26T10:02:04,300.0,26.8,B
2021-07-26T10:01:57,200.0,26.8,B
2021-07-26T10:01:17,200.0,26.8,B
2021-07-26T10:01:07,9000.0,26.75,S
2021-07-26T10:01:00,300.0,26.8,B
2021-07-26T10:00:34,300.0,26.8,B
2021-07-26T10:00:34,400.0,26.8,B
2021-07-26T10:00:32,3100.0,26.8,B
2021-07-26T10:00:32,100.0,26.8,B
2021-07-26T10:00:31,200.0,26.8,S
2021-07-26T10:00:31,2200.0,26.8,S
2021-07-26T10:00:31,1000.0,26.8,S
2021-07-26T10:00:31,2000.0,26.8,S
2021-07-26T10:00:31,500.0,26.8,S
2021-07-26T10:00:31,100.0,26.8,S
2021-07-26T10:00:31,700.0,26.8,S
2021-07-26T10:00:31,800.0,26.8,S
2021-07-26T10:00:31,5800.0,26.8,S
2021-07-26T10:00:20,400.0,26.85,B
2021-07-26T10:00:20,2000.0,26.85,B
2021-07-26T09:59:30,100.0,26.85,B
2021-07-26T09:59:30,100.0,26.85,B
2021-07-26T09:59:28,1400.0,26.85,B
2021-07-26T09:58:31,300.0,26.85,B
2021-07-26T09:58:30,1800.0,26.85,B
2021-07-26T09:57:51,200.0,26.85,B
2021-07-26T09:57:50,1100.0,26.85,B
2021-07-26T09:57:50,100.0,26.85,B
2021-07-26T09:57:50,100.0,26.85,B
2021-07-26T09:57:49,5000.0,26.85,B
2021-07-26T09:57:48,400.0,26.85,B
2021-07-26T09:57:48,300.0,26.85,B
2021-07-26T09:57:48,100.0,26.85,S
2021-07-26T09:57:48,200.0,26.85,S
2021-07-26T09:57:48,3500.0,26.85,S
2021-07-26T09:57:07,100.0,26.85,S
2021-07-26T09:56:54,600.0,26.9,B
2021-07-26T09:56:51,1000.0,26.85,S
2021-07-26T09:56:40,200.0,26.85,B
2021-07-26T09:56:39,300.0,26.8,S
2021-07-26T09:56:36,500.0,26.85,B
2021-07-26T09:56:35,100.0,26.85,B
2021-07-26T09:56:35,100.0,26.85,B
2021-07-26T09:56:34,900.0,26.85,B
2021-07-26T09:56:34,800.0,26.85,B
2021-07-26T09:56:33,100.0,26.85,B
2021-07-26T09:56:25,500.0,26.85,S
2021-07-26T09:56:25,200.0,26.85,S
2021-07-26T09:56:25,2100.0,26.85,S
2021-07-26T09:56:25,1100.0,26.85,S
2021-07-26T09:56:25,2300.0,26.85,S
2021-07-26T09:56:25,500.0,26.85,S
2021-07-26T09:56:25,300.0,26.85,S
2021-07-26T09:56:25,100.0,26.85,S
2021-07-26T09:56:13,700.0,26.85,S
2021-07-26T09:55:14,500.0,26.85,S
2021-07-26T09:54:48,100.0,26.85,S
2021-07-26T09:54:36,1400.0,26.85,B
2021-07-26T09:54:36,100.0,26.85,B
2021-07-26T09:54:35,200.0,26.85,B
2021-07-26T09:54:35,3300.0,26.85,S
2021-07-26T09:54:35,600.0,26.85,S
2021-07-26T09:54:35,900.0,26.85,S
2021-07-26T09:54:35,2000.0,26.85,S
2021-07-26T09:54:35,100.0,26.85,S
2021-07-26T09:54:35,400.0,26.85,S
2021-07-26T09:54:35,100.0,26.85,S
2021-07-26T09:54:35,400.0,26.85,S
2021-07-26T09:54:35,500.0,26.85,S
2021-07-26T09:54:34,100.0,26.9,B
2021-07-26T09:54:34,200.0,26.9,B
2021-07-26T09:54:34,100.0,26.9,B
2021-07-26T09:54:32,100.0,26.9,B
2021-07-26T09:54:32,1000.0,26.9,B
2021-07-26T09:54:32,800.0,26.9,B
2021-07-26T09:54:32,100.0,26.9,B
2021-07-26T09:54:32,8000.0,26.9,B
2021-07-26T09:54:29,100.0,26.9,B
2021-07-26T09:54:06,100.0,26.9,B
2021-07-26T09:53:57,200.0,26.9,B
2021-07-26T09:53:57,1500.0,26.9,B
2021-07-26T09:53:41,200.0,26.9,B
2021-07-26T09:53:40,1500.0,26.9,B
2021-07-26T09:53:35,1000.0,26.85,S
2021-07-26T09:53:20,100.0,26.9,B
2021-07-26T09:53:17,900.0,26.9,B
2021-07-26T09:53:17,4000.0,26.9,B
2021-07-26T09:53:17,100.0,26.85,S
2021-07-26T09:53:03,2300.0,26.85,S
2021-07-26T09:53:01,20000.0,26.85,B
2021-07-26T09:53:01,100.0,26.85,B
2021-07-26T09:53:00,400.0,26.85,B
2021-07-26T09:52:59,1100.0,26.85,B
2021-07-26T09:52:59,900.0,26.85,B
2021-07-26T09:52:19,100.0,26.85,B
2021-07-26T09:52:15,1000.0,26.8,S
2021-07-26T09:51:56,700.0,26.8,S
2021-07-26T09:51:14,200.0,26.85,B
2021-07-26T09:51:14,500.0,26.85,B
2021-07-26T09:51:14,700.0,26.85,B
2021-07-26T09:51:13,400.0,26.85,B
2021-07-26T09:51:12,4800.0,26.85,B
2021-07-26T09:51:11,4000.0,26.85,B
2021-07-26T09:51:11,100.0,26.85,B
2021-07-26T09:51:11,3200.0,26.85,B
2021-07-26T09:51:11,2100.0,26.85,B
2021-07-26T09:51:11,4500.0,26.85,B
2021-07-26T09:51:11,600.0,26.85,B
2021-07-26T09:51:11,400.0,26.85,B
2021-07-26T09:51:11,200.0,26.85,B
2021-07-26T09:51:11,4900.0,26.85,B
2021-07-26T09:50:32,100.0,26.85,B
2021-07-26T09:50:31,900.0,26.85,B
2021-07-26T09:50:21,5000.0,26.8,S
2021-07-26T09:50:17,300.0,26.85,B
2021-07-26T09:50:14,400.0,26.85,B
2021-07-26T09:50:09,400.0,26.85,B
2021-07-26T09:50:04,400.0,26.85,B
2021-07-26T09:50:01,200.0,26.85,B
2021-07-26T09:50:01,1500.0,26.85,B
2021-07-26T09:50:00,400.0,26.85,B
2021-07-26T09:49:52,300.0,26.85,B
2021-07-26T09:49:52,100.0,26.85,B
2021-07-26T09:49:50,1500.0,26.85,B
2021-07-26T09:49:47,100.0,26.85,B
2021-07-26T09:49:41,200.0,26.85,B
2021-07-26T09:49:40,1500.0,26.85,B
2021-07-26T09:49:27,4200.0,26.8,B
2021-07-26T09:49:27,1200.0,26.8,B
2021-07-26T09:49:27,6500.0,26.8,B
2021-07-26T09:49:13,100.0,26.8,B
2021-07-26T09:49:13,100.0,26.8,B
2021-07-26T09:49:11,1000.0,26.8,B
2021-07-26T09:49:01,100.0,26.8,B
2021-07-26T09:48:50,300.0,26.8,B
2021-07-26T09:48:37,100.0,26.8,B
2021-07-26T09:48:35,100.0,26.8,B
2021-07-26T09:48:34,200.0,26.8,B
2021-07-26T09:48:31,100.0,26.8,B
2021-07-26T09:48:31,300.0,26.8,B
2021-07-26T09:48:31,600.0,26.8,B
2021-07-26T09:48:26,1100.0,26.75,S
2021-07-26T09:48:26,100.0,26.8,B
2021-07-26T09:48:25,100.0,26.8,B
2021-07-26T09:48:24,1300.0,26.8,B
2021-07-26T09:48:24,200.0,26.8,B
2021-07-26T09:47:52,1000.0,26.75,S
2021-07-26T09:47:29,100.0,26.8,B
2021-07-26T09:47:29,200.0,26.8,B
2021-07-26T09:47:29,400.0,26.8,B
2021-07-26T09:47:27,200.0,26.8,S
2021-07-26T09:47:27,1900.0,26.8,S
2021-07-26T09:47:27,700.0,26.8,S
2021-07-26T09:47:27,300.0,26.8,S
2021-07-26T09:47:25,600.0,26.8,S
2021-07-26T09:47:15,200.0,26.8,S
2021-07-26T09:47:06,400.0,26.8,S
2021-07-26T09:47:06,100.0,26.8,S
2021-07-26T09:47:03,700.0,26.85,B
2021-07-26T09:47:02,1700.0,26.85,B
2021-07-26T09:47:02,1800.0,26.85,B
2021-07-26T09:46:52,14000.0,26.85,B
2021-07-26T09:45:53,200.0,26.8,S
2021-07-26T09:45:35,200.0,26.8,S
2021-07-26T09:45:32,400.0,26.8,S
2021-07-26T09:45:15,5000.0,26.8,S
2021-07-26T09:45:11,100.0,26.85,B
2021-07-26T09:45:00,200.0,26.85,B
2021-07-26T09:44:59,1000.0,26.85,B
2021-07-26T09:44:58,4600.0,26.85,B
2021-07-26T09:44:56,6200.0,26.85,B
2021-07-26T09:44:56,200.0,26.85,B
2021-07-26T09:44:56,1200.0,26.85,B
2021-07-26T09:44:56,1300.0,26.85,B
2021-07-26T09:44:56,500.0,26.85,B
2021-07-26T09:44:56,10100.0,26.85,B
2021-07-26T09:44:56,100.0,26.85,B
2021-07-26T09:44:14,100.0,26.8,S
2021-07-26T09:43:59,200.0,26.8,S
2021-07-26T09:43:35,100.0,26.8,S
2021-07-26T09:43:17,400.0,26.75,S
2021-07-26T09:43:01,4700.0,26.75,S
2021-07-26T09:43:01,900.0,26.75,S
2021-07-26T09:43:01,900.0,26.75,S
2021-07-26T09:43:01,2400.0,26.75,S
2021-07-26T09:43:01,1100.0,26.8,S
2021-07-26T09:43:01,400.0,26.8,B
2021-07-26T09:43:01,8500.0,26.8,B
2021-07-26T09:42:50,400.0,26.8,B
2021-07-26T09:42:50,2000.0,26.8,B
2021-07-26T09:42:47,100.0,26.75,S
2021-07-26T09:42:47,1200.0,26.8,B
2021-07-26T09:42:47,1400.0,26.8,B
2021-07-26T09:42:45,11000.0,26.8,B
2021-07-26T09:42:37,500.0,26.8,B
2021-07-26T09:42:32,400.0,26.8,B
2021-07-26T09:42:30,100.0,26.8,B
2021-07-26T09:42:30,1900.0,26.75,S
2021-07-26T09:42:30,100.0,26.8,B
2021-07-26T09:42:30,1500.0,26.8,B
2021-07-26T09:42:21,100.0,26.8,B
2021-07-26T09:42:09,100.0,26.8,B
2021-07-26T09:42:09,100.0,26.8,B
2021-07-26T09:42:08,1500.0,26.8,B
2021-07-26T09:41:40,500.0,26.8,B
2021-07-26T09:41:40,2400.0,26.8,B
2021-07-26T09:41:40,1200.0,26.8,B
2021-07-26T09:41:40,1700.0,26.8,B
2021-07-26T09:41:40,1000.0,26.8,B
2021-07-26T09:41:40,300.0,26.8,B
2021-07-26T09:41:40,600.0,26.8,B
2021-07-26T09:41:40,900.0,26.8,B
2021-07-26T09:41:40,300.0,26.8,B
2021-07-26T09:41:40,4000.0,26.8,B
2021-07-26T09:41:38,300.0,26.75,S
2021-07-26T09:41:37,600.0,26.8,B
2021-07-26T09:41:05,1000.0,26.75,S
2021-07-26T09:39:49,100.0,26.75,S
2021-07-26T09:39:33,1000.0,26.75,B
2021-07-26T09:39:22,100.0,26.75,B
2021-07-26T09:39:02,300.0,26.8,B
2021-07-26T09:39:02,400.0,26.8,B
2021-07-26T09:39:02,3000.0,26.8,B
2021-07-26T09:39:02,200.0,26.8,B
2021-07-26T09:39:00,2200.0,26.8,B
2021-07-26T09:39:00,1200.0,26.8,B
2021-07-26T09:39:00,1000.0,26.8,B
2021-07-26T09:39:00,2100.0,26.8,B
2021-07-26T09:39:00,1000.0,26.8,B
2021-07-26T09:39:00,500.0,26.75,B
2021-07-26T09:39:00,4000.0,26.75,B
2021-07-26T09:39:00,1000.0,26.75,B
2021-07-26T09:39:00,100.0,26.8,B
2021-07-26T09:39:00,1500.0,26.8,B
2021-07-26T09:39:00,2600.0,26.8,B
2021-07-26T09:39:00,100.0,26.8,B
2021-07-26T09:39:00,1000.0,26.8,B
2021-07-26T09:39:00,900.0,26.8,B
2021-07-26T09:39:00,3200.0,26.8,B
2021-07-26T09:39:00,1300.0,26.8,B
2021-07-26T09:39:00,1500.0,26.8,B
2021-07-26T09:39:00,35800.0,26.8,B
2021-07-26T09:39:00,1000.0,26.75,B
2021-07-26T09:39:00,1000.0,26.75,B
2021-07-26T09:38:58,100.0,26.75,B
2021-07-26T09:38:20,100.0,26.75,B
2021-07-26T09:38:15,400.0,26.7,S
2021-07-26T09:38:09,100.0,26.75,B
2021-07-26T09:37:57,100.0,26.75,B
2021-07-26T09:37:57,100.0,26.75,B
2021-07-26T09:37:56,1200.0,26.75,B
2021-07-26T09:37:56,100.0,26.75,B
2021-07-26T09:37:54,100.0,26.75,B
2021-07-26T09:37:54,100.0,26.75,B
2021-07-26T09:37:53,1300.0,26.75,B
2021-07-26T09:37:53,200.0,26.75,B
2021-07-26T09:37:52,100.0,26.75,B
2021-07-26T09:37:52,1200.0,26.75,B
2021-07-26T09:37:42,100.0,26.75,B
2021-07-26T09:37:40,300.0,26.7,S
2021-07-26T09:37:38,500.0,26.75,B
2021-07-26T09:37:36,300.0,26.75,B
2021-07-26T09:37:36,1700.0,26.75,B
2021-07-26T09:37:17,500.0,26.75,B
2021-07-26T09:37:17,200.0,26.75,S
2021-07-26T09:37:17,1500.0,26.75,S
2021-07-26T09:37:16,900.0,26.75,B
2021-07-26T09:37:16,10000.0,26.75,B
2021-07-26T09:37:15,100.0,26.7,S
2021-07-26T09:36:56,400.0,26.7,S
2021-07-26T09:36:55,500.0,26.75,B
2021-07-26T09:36:31,100.0,26.75,B
2021-07-26T09:36:16,500.0,26.75,B
2021-07-26T09:35:55,100.0,26.7,S
2021-07-26T09:35:46,100.0,26.7,S
2021-07-26T09:35:36,700.0,26.75,S
2021-07-26T09:35:30,100.0,26.75,S
2021-07-26T09:35:30,200.0,26.75,S
2021-07-26T09:35:30,2700.0,26.75,S
2021-07-26T09:35:08,1000.0,26.75,S
2021-07-26T09:35:06,100.0,26.75,S
2021-07-26T09:35:02,100.0,26.8,B
2021-07-26T09:35:02,100.0,26.8,B
2021-07-26T09:35:01,1000.0,26.8,B
2021-07-26T09:34:57,500.0,26.75,S
2021-07-26T09:34:53,1000.0,26.75,S
2021-07-26T09:34:53,300.0,26.75,S
2021-07-26T09:34:46,200.0,26.75,B
2021-07-26T09:34:44,500.0,26.75,B
2021-07-26T09:34:44,300.0,26.75,B
2021-07-26T09:34:44,1700.0,26.75,B
2021-07-26T09:34:43,2000.0,26.75,B
2021-07-26T09:34:43,400.0,26.75,B
2021-07-26T09:34:42,200.0,26.75,B
2021-07-26T09:34:42,300.0,26.75,B
2021-07-26T09:34:42,400.0,26.75,B
2021-07-26T09:34:42,100.0,26.75,B
2021-07-26T09:34:42,9200.0,26.75,B
2021-07-26T09:34:35,100.0,26.75,B
2021-07-26T09:34:33,100.0,26.75,B
2021-07-26T09:34:26,100.0,26.75,B
2021-07-26T09:34:23,500.0,26.75,B
2021-07-26T09:34:22,1200.0,26.75,B
2021-07-26T09:34:22,100.0,26.75,B
2021-07-26T09:34:22,100.0,26.75,B
2021-07-26T09:34:22,1200.0,26.75,B
2021-07-26T09:34:07,200.0,26.75,B
2021-07-26T09:34:03,400.0,26.75,B
2021-07-26T09:34:02,2000.0,26.75,B
2021-07-26T09:33:54,500.0,26.7,S
2021-07-26T09:33:05,300.0,26.75,B
2021-07-26T09:32:40,200.0,26.75,B
2021-07-26T09:32:38,1000.0,26.75,B
2021-07-26T09:32:33,200.0,26.75,B
2021-07-26T09:32:33,200.0,26.75,B
2021-07-26T09:32:32,2000.0,26.75,B
2021-07-26T09:32:32,2000.0,26.7,S
2021-07-26T09:32:13,100.0,26.7,B
2021-07-26T09:32:13,100.0,26.7,B
2021-07-26T09:32:12,5000.0,26.7,B
2021-07-26T09:32:03,300.0,26.7,B
2021-07-26T09:32:02,400.0,26.7,S
2021-07-26T09:32:02,100.0,26.7,S
2021-07-26T09:32:02,1100.0,26.7,S
2021-07-26T09:31:33,100.0,26.75,B
2021-07-26T09:31:27,300.0,26.7,S
2021-07-26T09:31:21,1500.0,26.7,S
2021-07-26T09:31:06,100.0,26.7,S
2021-07-26T09:30:58,100.0,26.7,B
2021-07-26T09:30:57,1000.0,26.65,S
2021-07-26T09:30:43,200.0,26.7,B
2021-07-26T09:30:36,300.0,26.65,S
2021-07-26T09:30:31,100.0,26.75,B
2021-07-26T09:30:29,100.0,26.65,S
2021-07-26T09:30:22,400.0,26.75,B
2021-07-26T09:30:22,2200.0,26.75,B
2021-07-26T09:30:08,300.0,26.65,S
2021-07-26T09:29:34,500.0,26.65,S
2021-07-26T09:28:59,900.0,26.6,S
2021-07-26T09:28:59,100.0,26.65,S
2021-07-26T09:28:47,100.0,26.6,S
2021-07-26T09:28:40,400.0,26.8,B
2021-07-26T09:28:40,100.0,26.8,B
2021-07-26T09:28:39,100.0,26.8,B
2021-07-26T09:28:38,1500.0,26.8,B
2021-07-26T09:28:35,600.0,26.7,B
2021-07-26T09:28:31,600.0,26.8,B
2021-07-26T09:28:26,1000.0,26.6,S
2021-07-26T09:28:26,400.0,26.8,B
2021-07-26T09:28:25,600.0,26.8,B
2021-07-26T09:28:25,1500.0,26.8,B
2021-07-26T09:28:24,200.0,26.7,B
2021-07-26T09:28:17,100.0,26.7,B
2021-07-26T09:28:15,700.0,26.7,S
2021-07-26T09:28:15,200.0,26.8,B
2021-07-26T09:28:15,200.0,26.8,B
2021-07-26T09:28:14,1700.0,26.8,B
2021-07-26T09:28:14,100.0,26.8,B
2021-07-26T09:28:14,100.0,26.8,B
2021-07-26T09:28:13,1500.0,26.8,B
2021-07-26T09:28:09,400.0,26.8,B
2021-07-26T09:28:08,1900.0,26.8,B
2021-07-26T09:28:06,300.0,26.8,B
2021-07-26T09:28:02,200.0,26.8,B
2021-07-26T09:28:01,1500.0,26.8,B
2021-07-26T09:28:00,400.0,26.8,B
2021-07-26T09:27:58,400.0,26.8,B
2021-07-26T09:27:57,1900.0,26.8,B
2021-07-26T09:27:56,400.0,26.8,B
2021-07-26T09:27:55,1000.0,26.7,S
2021-07-26T09:27:54,200.0,26.8,B
2021-07-26T09:27:54,200.0,26.8,B
2021-07-26T09:27:53,1900.0,26.8,B
2021-07-26T09:27:52,400.0,26.8,B
2021-07-26T09:27:49,200.0,26.8,B
2021-07-26T09:27:48,500.0,26.6,S
2021-07-26T09:27:47,1000.0,26.8,B
2021-07-26T09:27:45,200.0,26.8,B
2021-07-26T09:27:45,200.0,26.8,B
2021-07-26T09:27:44,300.0,26.8,B
2021-07-26T09:27:44,100.0,26.7,B
2021-07-26T09:27:44,1300.0,26.7,B
2021-07-26T09:27:44,500.0,26.65,B
2021-07-26T09:27:40,400.0,26.65,B
2021-07-26T09:27:39,100.0,26.65,B
2021-07-26T09:27:38,1500.0,26.7,B
2021-07-26T09:27:34,4900.0,26.6,S
2021-07-26T09:27:34,1400.0,26.6,S
2021-07-26T09:27:34,1200.0,26.65,S
2021-07-26T09:27:34,1300.0,26.65,S
2021-07-26T09:27:34,1200.0,26.65,S
2021-07-26T09:27:33,100.0,26.7,B
2021-07-26T09:27:27,200.0,26.7,B
2021-07-26T09:27:26,1500.0,26.7,B
2021-07-26T09:27:25,400.0,26.7,B
2021-07-26T09:27:25,300.0,26.7,B
2021-07-26T09:27:24,3100.0,26.7,B
2021-07-26T09:27:23,100.0,26.7,S
2021-07-26T09:27:23,700.0,26.7,S
2021-07-26T09:27:23,7300.0,26.7,S
2021-07-26T09:27:23,2100.0,26.7,S
2021-07-26T09:27:23,2000.0,26.7,S
2021-07-26T09:27:23,900.0,26.7,S
2021-07-26T09:27:22,400.0,26.8,B
2021-07-26T09:27:22,2200.0,26.8,B
2021-07-26T09:27:14,200.0,26.8,B
2021-07-26T09:27:13,1500.0,26.8,B
2021-07-26T09:27:02,100.0,26.8,B
2021-07-26T09:27:02,100.0,26.8,B
2021-07-26T09:27:01,1500.0,26.8,B
2021-07-26T09:26:56,100.0,26.7,S
2021-07-26T09:26:49,100.0,26.7,S
2021-07-26T09:26:49,100.0,26.7,S
2021-07-26T09:26:43,2000.0,26.65,S
2021-07-26T09:26:43,300.0,26.7,S
2021-07-26T09:26:42,200.0,26.7,S
2021-07-26T09:26:42,1300.0,26.7,S
2021-07-26T09:26:42,200.0,26.7,S
2021-07-26T09:26:35,1900.0,26.7,B
2021-07-26T09:26:35,3000.0,26.7,B
2021-07-26T09:26:35,4500.0,26.7,B
2021-07-26T09:26:35,200.0,26.7,B
2021-07-26T09:26:35,400.0,26.7,B
2021-07-26T09:26:26,600.0,26.65,S
2021-07-26T09:26:26,1300.0,26.65,S
2021-07-26T09:26:26,1300.0,26.65,S
2021-07-26T09:26:26,2600.0,26.65,S
2021-07-26T09:26:26,100.0,26.65,S
2021-07-26T09:26:26,400.0,26.65,S
2021-07-26T09:26:26,3600.0,26.65,S
2021-07-26T09:26:26,100.0,26.65,S
2021-07-26T09:26:22,400.0,26.7,B
2021-07-26T09:26:21,500.0,26.7,B
2021-07-26T09:26:21,600.0,26.7,B
2021-07-26T09:26:21,100.0,26.7,B
2021-07-26T09:26:21,300.0,26.7,B
2021-07-26T09:26:21,700.0,26.7,B
2021-07-26T09:26:18,100.0,26.7,B
2021-07-26T09:26:14,300.0,26.7,B
2021-07-26T09:26:06,100.0,26.65,S
2021-07-26T09:26:06,500.0,26.65,S
2021-07-26T09:26:00,500.0,26.65,S
2021-07-26T09:25:56,3000.0,26.65,S
2021-07-26T09:25:55,200.0,26.65,S
2021-07-26T09:25:44,500.0,26.65,S
2021-07-26T09:25:36,700.0,26.65,S
2021-07-26T09:25:34,200.0,26.65,S
2021-07-26T09:25:26,1000.0,26.65,S
2021-07-26T09:25:24,200.0,26.7,B
2021-07-26T09:25:23,1000.0,26.7,B
2021-07-26T09:25:11,1900.0,26.65,S
2021-07-26T09:25:11,1000.0,26.65,S
2021-07-26T09:25:11,1200.0,26.65,S
2021-07-26T09:25:11,5100.0,26.65,S
2021-07-26T09:25:11,3500.0,26.7,S
2021-07-26T09:25:11,300.0,26.7,S
2021-07-26T09:25:11,1900.0,26.7,S
2021-07-26T09:25:11,3200.0,26.7,S
2021-07-26T09:25:11,3700.0,26.7,S
2021-07-26T09:25:10,600.0,26.7,S
2021-07-26T09:25:09,3800.0,26.7,S
2021-07-26T09:25:09,5800.0,26.7,S
2021-07-26T09:25:09,1800.0,26.7,S
2021-07-26T09:25:09,900.0,26.7,S
2021-07-26T09:25:09,1500.0,26.7,S
2021-07-26T09:25:09,1200.0,26.7,S
2021-07-26T09:24:54,100.0,26.8,B
2021-07-26T09:24:54,300.0,26.8,B
2021-07-26T09:24:42,400.0,26.8,B
2021-07-26T09:24:41,2000.0,26.8,B
2021-07-26T09:24:20,700.0,26.7,S
2021-07-26T09:24:20,600.0,26.7,S
2021-07-26T09:24:20,1000.0,26.7,S
2021-07-26T09:24:20,12300.0,26.75,S
2021-07-26T09:24:17,1000.0,26.8,S
2021-07-26T09:24:07,100.0,26.8,S
2021-07-26T09:24:03,900.0,26.8,S
2021-07-26T09:24:03,900.0,26.8,S
2021-07-26T09:24:03,800.0,26.8,S
2021-07-26T09:24:03,12300.0,26.8,S
2021-07-26T09:24:03,100.0,26.8,S
2021-07-26T09:24:02,100.0,26.8,S
2021-07-26T09:23:53,1800.0,26.8,S
2021-07-26T09:23:53,1500.0,26.8,S
2021-07-26T09:23:53,200.0,26.8,S
2021-07-26T09:23:53,3300.0,26.8,S
2021-07-26T09:23:53,100.0,26.8,S
2021-07-26T09:23:53,1400.0,26.8,S
2021-07-26T09:23:53,6700.0,26.8,S
2021-07-26T09:23:50,400.0,26.8,S
2021-07-26T09:23:15,100.0,26.8,S
2021-07-26T09:23:14,1000.0,26.8,S
2021-07-26T09:23:07,100.0,26.8,S
2021-07-26T09:23:07,100.0,26.8,S
2021-07-26T09:23:07,300.0,26.8,S
2021-07-26T09:22:30,100.0,26.8,S
2021-07-26T09:22:27,100.0,26.8,S
2021-07-26T09:22:11,800.0,26.8,S
2021-07-26T09:21:38,100.0,26.9,B
2021-07-26T09:21:32,400.0,26.9,B
2021-07-26T09:21:32,2000.0,26.9,B
2021-07-26T09:21:23,500.0,26.9,B
2021-07-26T09:21:08,500.0,26.8,B
2021-07-26T09:21:08,100.0,26.8,B
2021-07-26T09:21:08,800.0,26.8,B
2021-07-26T09:21:07,10000.0,26.8,B
2021-07-26T09:21:06,200.0,26.7,B
2021-07-26T09:21:04,1500.0,26.7,B
2021-07-26T09:21:00,100.0,26.7,B
2021-07-26T09:20:41,300.0,26.7,B
2021-07-26T09:20:41,300.0,26.7,B
2021-07-26T09:20:40,2800.0,26.7,B
2021-07-26T09:20:40,100.0,26.7,B
2021-07-26T09:20:39,300.0,26.7,S
2021-07-26T09:20:39,600.0,26.7,S
2021-07-26T09:20:39,6300.0,26.7,S
2021-07-26T09:20:39,100.0,26.7,S
2021-07-26T09:20:39,1500.0,26.7,S
2021-07-26T09:20:39,2600.0,26.7,S
2021-07-26T09:20:22,100.0,26.8,B
2021-07-26T09:20:22,100.0,26.8,B
2021-07-26T09:20:21,1000.0,26.8,B
2021-07-26T09:20:20,200.0,26.8,B
2021-07-26T09:20:19,500.0,26.8,B
2021-07-26T09:20:19,700.0,26.8,B
2021-07-26T09:20:18,500.0,26.8,S
2021-07-26T09:20:18,2100.0,26.8,S
2021-07-26T09:20:18,100.0,26.8,S
2021-07-26T09:20:18,2300.0,26.8,S
2021-07-26T09:20:13,1100.0,26.8,S
2021-07-26T09:20:13,100.0,26.8,S
2021-07-26T09:20:13,100.0,26.8,S
2021-07-26T09:20:13,2500.0,26.8,S
2021-07-26T09:20:13,500.0,26.9,B
2021-07-26T09:20:12,100.0,26.8,S
2021-07-26T09:20:12,300.0,26.8,S
2021-07-26T09:20:12,600.0,26.8,S
2021-07-26T09:20:11,200.0,26.8,S
2021-07-26T09:20:10,5000.0,26.8,S
2021-07-26T09:20:01,500.0,26.8,S
2021-07-26T09:19:58,100.0,26.9,B
2021-07-26T09:19:46,100.0,26.9,B
2021-07-26T09:19:45,100.0,26.9,B
2021-07-26T09:19:44,1000.0,26.9,B
2021-07-26T09:19:29,100.0,26.9,B
2021-07-26T09:19:26,100.0,26.9,B
2021-07-26T09:19:26,100.0,26.9,B
2021-07-26T09:19:25,1000.0,26.9,B
2021-07-26T09:19:20,100.0,26.9,B
2021-07-26T09:18:29,200.0,26.9,B
2021-07-26T09:18:29,1000.0,26.9,B
2021-07-26T09:18:22,500.0,26.7,S
2021-07-26T09:18:06,100.0,26.7,S
2021-07-26T09:17:48,500.0,26.7,S
2021-07-26T09:17:44,500.0,26.7,S
2021-07-26T09:17:41,100.0,26.7,S
2021-07-26T09:17:23,100.0,26.7,S
2021-07-26T09:17:07,600.0,26.65,S
2021-07-26T09:17:07,1900.0,26.65,S
2021-07-26T09:17:07,400.0,26.65,S
2021-07-26T09:17:07,300.0,26.65,S
2021-07-26T09:17:07,600.0,26.65,S
2021-07-26T09:17:07,100.0,26.65,S
2021-07-26T09:17:07,1300.0,26.65,S
2021-07-26T09:17:07,1600.0,26.65,S
2021-07-26T09:17:07,1400.0,26.7,S
2021-07-26T09:17:07,1200.0,26.7,S
2021-07-26T09:17:07,100.0,26.7,S
2021-07-26T09:17:07,300.0,26.7,S
2021-07-26T09:17:07,200.0,26.7,S
2021-07-26T09:16:59,900.0,26.7,B
2021-07-26T09:16:52,100.0,26.7,S
2021-07-26T09:16:27,300.0,26.65,B
2021-07-26T09:16:26,700.0,26.65,S
2021-07-26T09:16:19,300.0,26.65,S
2021-07-26T09:16:19,200.0,26.65,B
2021-07-26T09:16:18,100.0,26.65,B
2021-07-26T09:16:12,100.0,26.65,B
2021-07-26T09:16:12,1400.0,26.6,S
2021-07-26T09:16:11,1000.0,26.65,B
2021-07-26T09:16:00,300.0,26.65,B
2021-07-26T09:15:58,3000.0,26.65,B
2021-07-26T09:15:55,100.0,26.65,B
2021-07-26T09:15:46,100.0,26.65,B
2021-07-26T09:15:44,1000.0,26.65,B
2021-07-26T09:15:41,100.0,26.65,B
2021-07-26T09:15:41,200.0,26.65,B
2021-07-26T09:15:40,2600.0,26.65,B
2021-07-26T09:15:36,100.0,26.65,B
2021-07-26T09:15:35,1000.0,26.65,B
2021-07-26T09:15:26,100.0,26.65,B
2021-07-26T09:15:14,2000.0,26.9,B
2021-07-26T09:15:14,1600.0,26.9,B
