tradingTime,volume,price,side
2021-06-11T14:30:27,100.0,29.3,B
2021-06-11T14:30:27,100.0,29.3,B
2021-06-11T14:30:27,200.0,29.3,B
2021-06-11T14:30:27,600.0,29.3,B
2021-06-11T14:26:35,2600.0,29.3,B
2021-06-11T14:26:24,100.0,29.3,B
2021-06-11T14:26:09,500.0,29.3,B
2021-06-11T14:25:48,500.0,29.3,B
2021-06-11T14:25:00,1600.0,29.3,B
2021-06-11T14:25:00,1200.0,29.3,B
2021-06-11T14:25:00,5200.0,29.3,B
2021-06-11T14:23:06,1000.0,29.3,B
2021-06-11T14:22:30,1000.0,29.3,B
2021-06-11T14:20:49,2000.0,29.3,B
2021-06-11T14:20:35,1000.0,29.25,S
2021-06-11T14:20:25,200.0,29.3,B
2021-06-11T14:20:08,100.0,29.3,B
2021-06-11T14:19:28,2000.0,29.3,B
2021-06-11T14:18:45,2000.0,29.25,S
2021-06-11T14:17:32,6000.0,29.25,S
2021-06-11T14:16:02,1000.0,29.3,S
2021-06-11T14:14:58,600.0,29.3,S
2021-06-11T14:10:32,1500.0,29.3,S
2021-06-11T14:10:31,200.0,29.3,S
2021-06-11T14:10:18,2500.0,29.3,S
2021-06-11T14:10:18,2300.0,29.3,S
2021-06-11T14:07:53,2700.0,29.3,S
2021-06-11T14:07:52,500.0,29.3,S
2021-06-11T14:07:52,1800.0,29.3,S
2021-06-11T14:05:59,200.0,29.3,S
2021-06-11T14:03:59,200.0,29.25,S
2021-06-11T14:03:18,100.0,29.25,S
2021-06-11T14:02:41,4100.0,29.25,S
2021-06-11T14:02:41,1700.0,29.25,S
2021-06-11T14:02:41,100.0,29.3,S
2021-06-11T14:02:41,1100.0,29.3,S
2021-06-11T14:02:41,1500.0,29.3,S
2021-06-11T14:02:40,1500.0,29.6,S
2021-06-11T14:02:37,100.0,29.65,S
2021-06-11T14:01:32,100.0,29.6,S
2021-06-11T14:01:24,400.0,29.7,B
2021-06-11T14:01:05,100.0,29.7,B
2021-06-11T13:58:48,1000.0,29.7,B
2021-06-11T13:58:01,500.0,29.7,B
2021-06-11T13:58:00,200.0,29.65,B
2021-06-11T13:51:11,5700.0,29.7,B
2021-06-11T13:50:46,500.0,29.45,S
2021-06-11T13:48:18,3000.0,29.25,S
2021-06-11T13:48:17,17000.0,29.3,S
2021-06-11T13:47:45,600.0,29.3,S
2021-06-11T13:47:45,2100.0,29.35,S
2021-06-11T13:47:45,10200.0,29.35,S
2021-06-11T13:47:45,2100.0,29.45,S
2021-06-11T13:47:10,500.0,29.45,S
2021-06-11T13:45:49,1400.0,29.45,B
2021-06-11T13:44:47,500.0,29.45,B
2021-06-11T13:44:42,100.0,29.45,B
2021-06-11T13:43:14,3000.0,29.45,S
2021-06-11T13:42:53,100.0,29.35,S
2021-06-11T13:42:53,2200.0,29.4,S
2021-06-11T13:42:53,3500.0,29.4,S
2021-06-11T13:42:53,900.0,29.4,S
2021-06-11T13:42:53,4700.0,29.4,S
2021-06-11T13:42:53,4500.0,29.45,S
2021-06-11T13:42:53,3800.0,29.5,S
2021-06-11T13:40:54,1000.0,29.7,B
2021-06-11T13:40:16,400.0,29.6,S
2021-06-11T13:38:23,500.0,29.6,S
2021-06-11T13:37:43,300.0,29.6,S
2021-06-11T13:37:30,1000.0,29.6,S
2021-06-11T13:35:15,2400.0,29.6,S
2021-06-11T13:35:15,1100.0,29.65,S
2021-06-11T13:35:14,1100.0,29.65,S
2021-06-11T13:34:23,200.0,29.8,S
2021-06-11T13:33:47,2300.0,29.8,S
2021-06-11T13:33:40,100.0,29.8,S
2021-06-11T13:33:35,100.0,29.85,B
2021-06-11T13:33:24,200.0,29.8,S
2021-06-11T13:33:00,100.0,29.8,S
2021-06-11T13:33:00,200.0,29.8,S
2021-06-11T13:32:11,700.0,29.85,B
2021-06-11T13:31:46,4000.0,29.85,B
2021-06-11T13:31:29,700.0,29.85,B
2021-06-11T13:31:28,100.0,29.8,S
2021-06-11T13:30:59,500.0,29.8,S
2021-06-11T13:29:36,500.0,29.8,S
2021-06-11T13:29:07,400.0,29.8,S
2021-06-11T13:28:44,100.0,29.8,S
2021-06-11T13:28:00,200.0,29.8,S
2021-06-11T13:26:36,200.0,29.8,S
2021-06-11T13:26:24,10000.0,29.8,S
2021-06-11T13:25:15,1500.0,29.8,S
2021-06-11T13:24:32,200.0,29.8,S
2021-06-11T13:24:30,300.0,29.8,S
2021-06-11T13:24:30,500.0,29.8,S
2021-06-11T13:24:30,5500.0,29.8,S
2021-06-11T13:24:12,200.0,29.7,B
2021-06-11T13:23:41,400.0,29.7,B
2021-06-11T13:23:30,800.0,29.7,B
2021-06-11T13:22:15,1000.0,29.8,B
2021-06-11T13:21:46,1000.0,29.7,B
2021-06-11T13:21:17,100.0,29.7,B
2021-06-11T13:20:53,300.0,29.65,S
2021-06-11T13:19:39,100.0,29.65,S
2021-06-11T13:19:09,200.0,29.7,B
2021-06-11T13:17:44,300.0,29.7,B
2021-06-11T13:17:09,500.0,29.7,B
2021-06-11T13:16:17,500.0,29.7,B
2021-06-11T13:16:16,600.0,29.65,S
2021-06-11T13:15:19,1000.0,29.7,B
2021-06-11T13:14:42,200.0,29.7,B
2021-06-11T13:12:23,1500.0,29.65,S
2021-06-11T13:12:13,300.0,29.65,S
2021-06-11T13:10:15,100.0,29.6,S
2021-06-11T13:08:57,500.0,29.6,B
2021-06-11T13:08:47,100.0,29.6,B
2021-06-11T13:08:41,100.0,29.6,B
2021-06-11T13:05:42,100.0,29.6,B
2021-06-11T11:29:27,600.0,29.6,B
2021-06-11T11:27:17,800.0,29.6,B
2021-06-11T11:27:09,700.0,29.5,B
2021-06-11T11:24:58,800.0,29.5,B
2021-06-11T11:24:42,300.0,29.5,S
2021-06-11T11:24:42,2000.0,29.5,S
2021-06-11T11:24:42,300.0,29.5,S
2021-06-11T11:24:41,3900.0,29.5,S
2021-06-11T11:22:47,400.0,29.5,S
2021-06-11T11:22:46,3800.0,29.5,S
2021-06-11T11:21:14,1800.0,29.5,S
2021-06-11T11:20:42,500.0,29.6,B
2021-06-11T11:19:40,100.0,29.4,S
2021-06-11T11:17:06,400.0,29.4,S
2021-06-11T11:16:33,1400.0,29.4,B
2021-06-11T11:15:18,1000.0,29.4,B
2021-06-11T11:14:08,100.0,29.4,S
2021-06-11T11:14:03,100.0,29.4,S
2021-06-11T11:14:03,300.0,29.4,S
2021-06-11T11:14:03,2200.0,29.4,S
2021-06-11T11:13:35,900.0,29.4,S
2021-06-11T11:13:35,10000.0,29.4,S
2021-06-11T11:13:35,4100.0,29.4,S
2021-06-11T11:11:09,2100.0,29.4,S
2021-06-11T11:11:08,12900.0,29.5,S
2021-06-11T11:09:56,8100.0,29.6,S
2021-06-11T11:09:11,2500.0,29.6,S
2021-06-11T11:07:46,200.0,29.7,S
2021-06-11T11:07:44,200.0,29.7,S
2021-06-11T11:07:44,800.0,29.7,S
2021-06-11T11:07:19,200.0,29.75,B
2021-06-11T11:06:02,300.0,29.7,S
2021-06-11T11:04:27,1000.0,29.7,S
2021-06-11T11:02:03,5000.0,29.7,S
2021-06-11T11:01:15,2300.0,29.75,S
2021-06-11T11:00:56,100.0,29.75,S
2021-06-11T11:00:13,500.0,29.75,S
2021-06-11T10:58:41,500.0,29.8,S
2021-06-11T10:58:23,2000.0,29.8,S
2021-06-11T10:57:52,300.0,29.8,S
2021-06-11T10:57:52,1600.0,29.8,S
2021-06-11T10:56:23,1400.0,29.8,S
2021-06-11T10:53:44,200.0,29.8,B
2021-06-11T10:53:24,800.0,29.8,B
2021-06-11T10:52:19,500.0,29.8,B
2021-06-11T10:52:15,1000.0,29.8,B
2021-06-11T10:51:20,17600.0,30.0,B
2021-06-11T10:50:57,100.0,29.8,S
2021-06-11T10:50:02,900.0,29.8,S
2021-06-11T10:49:44,5000.0,29.8,S
2021-06-11T10:49:00,500.0,29.8,S
2021-06-11T10:47:59,1000.0,29.8,B
2021-06-11T10:47:24,200.0,29.8,B
2021-06-11T10:46:06,500.0,29.8,B
2021-06-11T10:45:36,300.0,29.8,B
2021-06-11T10:44:23,2700.0,29.7,B
2021-06-11T10:44:15,1500.0,29.6,S
2021-06-11T10:43:42,2800.0,29.5,S
2021-06-11T10:43:33,200.0,29.6,S
2021-06-11T10:43:20,500.0,29.6,S
2021-06-11T10:43:00,1000.0,29.7,B
2021-06-11T10:42:55,2000.0,29.7,B
2021-06-11T10:41:52,1200.0,29.5,S
2021-06-11T10:41:52,500.0,29.5,S
2021-06-11T10:41:52,200.0,29.5,S
2021-06-11T10:41:52,5100.0,29.5,S
2021-06-11T10:41:52,3000.0,29.6,S
2021-06-11T10:40:43,300.0,29.7,S
2021-06-11T10:40:30,100.0,29.7,S
2021-06-11T10:40:30,2600.0,29.7,S
2021-06-11T10:40:30,500.0,29.75,S
2021-06-11T10:39:47,500.0,29.8,B
2021-06-11T10:39:14,200.0,29.8,B
2021-06-11T10:38:15,1000.0,29.8,B
2021-06-11T10:37:15,500.0,29.8,B
2021-06-11T10:37:00,400.0,29.8,S
2021-06-11T10:37:00,300.0,29.8,S
2021-06-11T10:37:00,300.0,29.8,S
2021-06-11T10:37:00,600.0,29.8,S
2021-06-11T10:37:00,900.0,29.8,S
2021-06-11T10:37:00,300.0,29.8,S
2021-06-11T10:37:00,600.0,29.8,S
2021-06-11T10:37:00,1800.0,29.8,S
2021-06-11T10:37:00,300.0,29.8,S
2021-06-11T10:37:00,900.0,29.8,S
2021-06-11T10:37:00,600.0,29.8,S
2021-06-11T10:36:59,300.0,29.8,S
2021-06-11T10:36:59,300.0,29.8,S
2021-06-11T10:36:59,300.0,29.8,S
2021-06-11T10:36:59,1200.0,29.8,S
2021-06-11T10:36:59,600.0,29.8,S
2021-06-11T10:36:59,300.0,29.8,S
2021-06-11T10:36:59,600.0,29.8,S
2021-06-11T10:36:59,1200.0,29.8,S
2021-06-11T10:36:58,600.0,29.8,S
2021-06-11T10:36:58,300.0,29.8,S
2021-06-11T10:36:58,1200.0,29.8,S
2021-06-11T10:36:57,1800.0,29.8,S
2021-06-11T10:36:56,1500.0,29.8,S
2021-06-11T10:36:56,300.0,29.8,S
2021-06-11T10:36:56,2100.0,29.8,S
2021-06-11T10:36:56,300.0,29.8,S
2021-06-11T10:36:56,1200.0,29.8,S
2021-06-11T10:36:56,300.0,29.9,S
2021-06-11T10:36:56,600.0,29.9,S
2021-06-11T10:36:56,400.0,29.9,S
2021-06-11T10:36:56,600.0,29.9,S
2021-06-11T10:36:56,200.0,29.9,S
2021-06-11T10:36:55,600.0,29.9,S
2021-06-11T10:36:55,900.0,29.9,S
2021-06-11T10:36:55,2100.0,29.9,S
2021-06-11T10:36:55,300.0,29.9,S
2021-06-11T10:36:48,100.0,30.0,B
2021-06-11T10:36:28,200.0,30.0,B
2021-06-11T10:35:53,100.0,29.9,S
2021-06-11T10:35:46,300.0,29.9,S
2021-06-11T10:35:41,100.0,29.9,S
2021-06-11T10:35:06,3000.0,29.9,S
2021-06-11T10:34:54,600.0,30.0,B
2021-06-11T10:34:15,5000.0,30.0,B
2021-06-11T10:33:37,2000.0,29.95,S
2021-06-11T10:33:34,6300.0,29.95,S
2021-06-11T10:33:05,700.0,30.0,S
2021-06-11T10:32:47,500.0,30.0,S
2021-06-11T10:31:55,100.0,30.0,S
2021-06-11T10:30:48,1700.0,30.0,S
2021-06-11T10:30:48,5100.0,30.0,S
2021-06-11T10:30:48,200.0,30.0,S
2021-06-11T10:30:40,300.0,30.0,S
2021-06-11T10:30:40,200.0,30.0,S
2021-06-11T10:29:14,2200.0,30.0,S
2021-06-11T10:29:00,100.0,30.1,B
2021-06-11T10:28:36,500.0,30.1,B
2021-06-11T10:28:17,200.0,30.05,B
2021-06-11T10:27:39,500.0,30.0,S
2021-06-11T10:27:06,500.0,30.0,S
2021-06-11T10:26:19,1400.0,30.0,B
2021-06-11T10:25:56,100.0,30.0,B
2021-06-11T10:25:34,4700.0,30.0,S
2021-06-11T10:25:05,600.0,30.0,S
2021-06-11T10:23:38,200.0,30.0,B
2021-06-11T10:23:32,3400.0,30.0,B
2021-06-11T10:22:00,600.0,30.0,B
2021-06-11T10:21:54,1000.0,30.0,B
2021-06-11T10:20:22,200.0,30.0,B
2021-06-11T10:20:09,700.0,30.0,B
2021-06-11T10:18:56,100.0,30.0,B
2021-06-11T10:18:53,100.0,30.0,B
2021-06-11T10:18:31,400.0,30.0,B
2021-06-11T10:17:03,600.0,30.0,B
2021-06-11T10:16:49,800.0,30.0,B
2021-06-11T10:15:32,400.0,30.0,B
2021-06-11T10:15:26,200.0,30.0,B
2021-06-11T10:14:38,2000.0,30.0,B
2021-06-11T10:14:15,200.0,30.0,B
2021-06-11T10:13:59,200.0,30.0,B
2021-06-11T10:13:55,200.0,29.95,S
2021-06-11T10:13:26,300.0,30.0,B
2021-06-11T10:12:51,1000.0,30.0,S
2021-06-11T10:12:51,1800.0,30.0,S
2021-06-11T10:12:27,1000.0,30.0,S
2021-06-11T10:10:06,5000.0,30.0,S
2021-06-11T10:09:31,400.0,30.0,B
2021-06-11T10:09:28,4600.0,30.0,S
2021-06-11T10:08:53,200.0,30.0,B
2021-06-11T10:08:49,500.0,30.0,B
2021-06-11T10:08:49,700.0,30.0,B
2021-06-11T10:08:29,1200.0,30.0,B
2021-06-11T10:08:27,300.0,30.0,B
2021-06-11T10:08:23,100.0,30.0,B
2021-06-11T10:08:08,300.0,30.0,B
2021-06-11T10:08:07,300.0,30.0,B
2021-06-11T10:08:07,4400.0,30.0,B
2021-06-11T10:08:04,200.0,30.0,B
2021-06-11T10:07:47,100.0,30.0,B
2021-06-11T10:07:37,500.0,30.0,B
2021-06-11T10:07:22,200.0,30.0,B
2021-06-11T10:06:44,1600.0,30.0,B
2021-06-11T10:06:26,200.0,30.0,S
2021-06-11T10:06:22,2900.0,30.0,S
2021-06-11T10:05:45,200.0,30.2,B
2021-06-11T10:05:03,300.0,30.2,B
2021-06-11T10:04:58,2100.0,30.2,B
2021-06-11T10:04:55,1000.0,30.2,B
2021-06-11T10:04:41,200.0,30.2,B
2021-06-11T10:04:10,100.0,30.0,S
2021-06-11T10:03:26,100.0,30.3,S
2021-06-11T10:02:38,400.0,30.5,B
2021-06-11T10:02:36,3600.0,30.5,B
2021-06-11T10:02:34,100.0,30.4,B
2021-06-11T10:02:33,1000.0,30.3,S
2021-06-11T10:02:14,3300.0,30.4,S
2021-06-11T10:01:38,100.0,30.5,B
2021-06-11T10:01:14,800.0,30.5,S
2021-06-11T10:01:05,2000.0,30.5,S
2021-06-11T10:01:04,1100.0,30.5,S
2021-06-11T10:01:04,1000.0,30.5,S
2021-06-11T10:01:04,4800.0,30.5,S
2021-06-11T10:00:28,100.0,30.55,B
2021-06-11T10:00:00,6500.0,30.5,S
2021-06-11T09:59:59,400.0,30.55,S
2021-06-11T09:59:59,500.0,30.55,S
2021-06-11T09:59:44,500.0,30.55,S
2021-06-11T09:59:20,1000.0,30.55,B
2021-06-11T09:59:05,2800.0,30.55,B
2021-06-11T09:58:55,200.0,30.5,S
2021-06-11T09:58:55,100.0,30.55,S
2021-06-11T09:58:40,1300.0,30.55,S
2021-06-11T09:58:40,2500.0,30.6,B
2021-06-11T09:58:28,100.0,30.55,S
2021-06-11T09:58:25,1000.0,30.6,B
2021-06-11T09:58:20,1100.0,30.6,B
2021-06-11T09:58:02,1000.0,30.55,S
2021-06-11T09:57:36,100.0,30.6,B
2021-06-11T09:57:32,200.0,30.55,S
2021-06-11T09:57:05,300.0,30.55,S
2021-06-11T09:56:33,600.0,30.55,S
2021-06-11T09:56:26,500.0,30.6,B
2021-06-11T09:56:16,500.0,30.55,S
2021-06-11T09:56:10,100.0,30.6,B
2021-06-11T09:56:07,100.0,30.55,S
2021-06-11T09:55:31,1000.0,30.55,B
2021-06-11T09:55:27,1600.0,30.55,B
2021-06-11T09:55:27,400.0,30.55,B
2021-06-11T09:55:27,200.0,30.5,S
2021-06-11T09:55:21,1800.0,30.5,S
2021-06-11T09:55:14,1000.0,30.5,S
2021-06-11T09:55:05,100.0,30.5,S
2021-06-11T09:54:57,200.0,30.5,S
2021-06-11T09:54:46,1100.0,30.55,B
2021-06-11T09:54:29,300.0,30.55,B
2021-06-11T09:54:23,1000.0,30.5,S
2021-06-11T09:54:22,100.0,30.55,B
2021-06-11T09:53:59,1000.0,30.5,B
2021-06-11T09:53:54,200.0,30.5,B
2021-06-11T09:53:50,1100.0,30.5,B
2021-06-11T09:53:50,500.0,30.5,B
2021-06-11T09:53:50,500.0,30.5,B
2021-06-11T09:53:46,600.0,30.5,B
2021-06-11T09:53:46,400.0,30.5,B
2021-06-11T09:53:21,200.0,30.4,S
2021-06-11T09:53:04,500.0,30.5,S
2021-06-11T09:52:57,1100.0,30.5,S
2021-06-11T09:52:48,100.0,30.55,B
2021-06-11T09:52:36,100.0,30.5,S
2021-06-11T09:51:56,100.0,30.5,B
2021-06-11T09:51:54,2500.0,30.5,B
2021-06-11T09:51:53,900.0,30.5,B
2021-06-11T09:51:53,1600.0,30.5,B
2021-06-11T09:51:53,2500.0,30.5,B
2021-06-11T09:51:51,1000.0,30.4,S
2021-06-11T09:51:48,200.0,30.5,B
2021-06-11T09:51:46,100.0,30.5,B
2021-06-11T09:51:28,500.0,30.5,B
2021-06-11T09:51:26,3000.0,30.5,B
2021-06-11T09:51:24,500.0,30.4,S
2021-06-11T09:51:09,500.0,30.4,S
2021-06-11T09:51:05,2600.0,30.5,B
2021-06-11T09:51:05,17400.0,30.5,B
2021-06-11T09:50:46,500.0,30.4,B
2021-06-11T09:50:41,1000.0,30.5,B
2021-06-11T09:50:41,100.0,30.4,B
2021-06-11T09:50:39,1000.0,30.4,B
2021-06-11T09:50:36,500.0,30.4,B
2021-06-11T09:50:34,600.0,30.3,S
2021-06-11T09:50:28,10000.0,30.4,B
2021-06-11T09:50:13,6900.0,30.3,B
2021-06-11T09:50:04,5000.0,30.2,B
2021-06-11T09:50:02,800.0,30.1,B
2021-06-11T09:49:40,600.0,30.1,B
2021-06-11T09:49:40,600.0,30.0,B
2021-06-11T09:49:40,9000.0,30.0,B
2021-06-11T09:49:40,2300.0,30.0,B
2021-06-11T09:49:40,4000.0,30.0,B
2021-06-11T09:49:40,200.0,30.0,B
2021-06-11T09:49:40,20500.0,30.0,B
2021-06-11T09:49:40,6500.0,30.0,B
2021-06-11T09:49:40,1100.0,30.0,B
2021-06-11T09:49:40,4500.0,30.0,B
2021-06-11T09:49:39,4800.0,30.0,B
2021-06-11T09:49:39,600.0,30.0,B
2021-06-11T09:49:39,200.0,30.0,B
2021-06-11T09:49:39,29700.0,30.0,B
2021-06-11T09:49:34,500.0,29.9,B
2021-06-11T09:49:33,1900.0,29.9,B
2021-06-11T09:49:17,200.0,29.8,S
2021-06-11T09:49:12,2000.0,29.9,B
2021-06-11T09:49:04,10000.0,29.9,B
2021-06-11T09:48:48,100.0,29.8,S
2021-06-11T09:48:46,3400.0,29.9,B
2021-06-11T09:48:41,10000.0,29.9,B
2021-06-11T09:48:35,3900.0,29.8,S
2021-06-11T09:48:13,6100.0,29.8,S
2021-06-11T09:47:52,700.0,29.8,S
2021-06-11T09:47:45,200.0,29.9,B
2021-06-11T09:47:23,500.0,29.8,S
2021-06-11T09:47:22,1000.0,29.9,B
2021-06-11T09:46:56,10100.0,29.8,B
2021-06-11T09:46:56,700.0,29.8,B
2021-06-11T09:46:56,1200.0,29.8,B
2021-06-11T09:46:56,600.0,29.8,B
2021-06-11T09:46:56,5900.0,29.8,B
2021-06-11T09:46:13,100.0,29.75,B
2021-06-11T09:45:58,1100.0,29.8,B
2021-06-11T09:45:58,700.0,29.8,B
2021-06-11T09:45:57,200.0,29.75,B
2021-06-11T09:45:40,300.0,29.75,B
2021-06-11T09:44:52,5000.0,29.8,B
2021-06-11T09:44:42,1500.0,29.8,B
2021-06-11T09:44:39,6600.0,29.5,B
2021-06-11T09:44:39,29300.0,29.5,B
2021-06-11T09:44:32,9800.0,29.45,B
2021-06-11T09:44:30,100.0,29.4,B
2021-06-11T09:44:27,800.0,29.4,B
2021-06-11T09:44:27,600.0,29.4,B
2021-06-11T09:44:14,100.0,29.4,B
2021-06-11T09:44:11,100.0,29.4,B
2021-06-11T09:43:49,800.0,29.4,B
2021-06-11T09:43:24,2000.0,29.4,B
2021-06-11T09:43:04,3100.0,29.4,B
2021-06-11T09:42:48,200.0,29.4,B
2021-06-11T09:42:35,500.0,29.35,S
2021-06-11T09:42:30,500.0,29.35,S
2021-06-11T09:42:18,1500.0,29.4,B
2021-06-11T09:42:05,900.0,29.4,B
2021-06-11T09:42:04,1400.0,29.4,B
2021-06-11T09:41:56,1000.0,29.4,B
2021-06-11T09:41:52,2000.0,29.4,B
2021-06-11T09:41:42,2100.0,29.4,B
2021-06-11T09:41:32,1000.0,29.4,B
2021-06-11T09:41:29,200.0,29.4,B
2021-06-11T09:41:25,1600.0,29.4,B
2021-06-11T09:41:16,200.0,29.4,B
2021-06-11T09:41:16,500.0,29.4,B
2021-06-11T09:41:14,1500.0,29.4,B
2021-06-11T09:40:50,1300.0,29.4,S
2021-06-11T09:40:42,800.0,29.45,B
2021-06-11T09:40:36,200.0,29.45,B
2021-06-11T09:40:18,100.0,29.45,B
2021-06-11T09:40:10,500.0,29.4,S
2021-06-11T09:40:02,500.0,29.4,S
2021-06-11T09:39:51,1300.0,29.4,B
2021-06-11T09:39:10,200.0,29.3,B
2021-06-11T09:38:45,900.0,29.25,B
2021-06-11T09:38:33,900.0,29.2,S
2021-06-11T09:38:33,1100.0,29.2,S
2021-06-11T09:38:24,5000.0,29.2,S
2021-06-11T09:38:11,100.0,29.25,B
2021-06-11T09:37:48,2000.0,29.25,B
2021-06-11T09:37:38,10000.0,29.2,S
2021-06-11T09:37:21,2000.0,29.2,B
2021-06-11T09:37:21,1900.0,29.2,B
2021-06-11T09:37:12,100.0,29.15,S
2021-06-11T09:36:54,8100.0,29.2,B
2021-06-11T09:36:46,1500.0,29.2,B
2021-06-11T09:36:37,500.0,29.2,B
2021-06-11T09:36:32,1200.0,29.2,B
2021-06-11T09:36:32,1500.0,29.2,B
2021-06-11T09:35:51,5000.0,29.2,S
2021-06-11T09:35:51,2000.0,29.1,S
2021-06-11T09:35:43,5000.0,29.2,S
2021-06-11T09:35:39,5000.0,29.1,S
2021-06-11T09:35:27,1200.0,29.15,S
2021-06-11T09:35:27,3400.0,29.15,S
2021-06-11T09:35:26,400.0,29.15,S
2021-06-11T09:35:23,5000.0,29.15,S
2021-06-11T09:35:17,1500.0,29.2,B
2021-06-11T09:35:04,1500.0,29.15,S
2021-06-11T09:35:04,300.0,29.2,B
2021-06-11T09:35:04,200.0,29.3,B
2021-06-11T09:34:46,4700.0,29.2,B
2021-06-11T09:34:45,300.0,29.2,B
2021-06-11T09:34:44,500.0,29.2,B
2021-06-11T09:34:44,500.0,29.2,B
2021-06-11T09:34:44,2000.0,29.2,B
2021-06-11T09:34:44,200.0,29.2,B
2021-06-11T09:34:43,600.0,29.2,B
2021-06-11T09:34:43,500.0,29.2,B
2021-06-11T09:34:37,300.0,29.2,B
2021-06-11T09:34:37,400.0,29.4,B
2021-06-11T09:34:35,500.0,29.4,B
2021-06-11T09:34:32,1600.0,29.3,B
2021-06-11T09:34:32,500.0,29.2,B
2021-06-11T09:34:22,300.0,29.2,B
2021-06-11T09:34:22,500.0,29.2,B
2021-06-11T09:34:21,500.0,29.2,B
2021-06-11T09:34:21,200.0,29.2,B
2021-06-11T09:34:21,600.0,29.2,B
2021-06-11T09:34:20,500.0,29.2,B
2021-06-11T09:34:19,500.0,29.2,B
2021-06-11T09:34:12,300.0,29.2,B
2021-06-11T09:34:12,500.0,29.2,B
2021-06-11T09:34:12,500.0,29.2,B
2021-06-11T09:34:12,200.0,29.2,B
2021-06-11T09:34:11,1100.0,29.2,B
2021-06-11T09:34:01,200.0,29.2,B
2021-06-11T09:33:51,800.0,29.2,B
2021-06-11T09:33:44,2000.0,29.2,B
2021-06-11T09:33:31,2200.0,29.2,B
2021-06-11T09:33:10,100.0,29.2,B
2021-06-11T09:33:10,500.0,29.2,B
2021-06-11T09:33:03,1600.0,29.2,B
2021-06-11T09:32:48,500.0,29.2,B
2021-06-11T09:32:47,500.0,29.2,B
2021-06-11T09:32:42,1500.0,29.2,B
2021-06-11T09:32:38,2000.0,29.2,B
2021-06-11T09:32:31,3500.0,29.2,B
2021-06-11T09:32:22,300.0,29.2,B
2021-06-11T09:31:54,3200.0,29.2,B
2021-06-11T09:31:51,1300.0,29.1,S
2021-06-11T09:31:35,2000.0,29.2,S
2021-06-11T09:31:34,100.0,29.2,S
2021-06-11T09:31:30,100.0,29.2,S
2021-06-11T09:31:30,4600.0,29.2,S
2021-06-11T09:31:27,400.0,29.45,B
2021-06-11T09:31:15,100.0,29.45,B
2021-06-11T09:30:52,500.0,29.45,B
2021-06-11T09:30:34,900.0,29.2,B
2021-06-11T09:30:34,100.0,29.4,B
2021-06-11T09:30:19,600.0,29.2,B
2021-06-11T09:30:15,4800.0,29.45,B
2021-06-11T09:30:14,100.0,29.2,B
2021-06-11T09:30:11,500.0,29.1,S
2021-06-11T09:30:06,700.0,29.1,S
2021-06-11T09:30:06,7000.0,29.1,S
2021-06-11T09:30:06,2300.0,29.2,S
2021-06-11T09:29:54,14800.0,29.1,S
2021-06-11T09:29:54,800.0,29.15,S
2021-06-11T09:29:53,4400.0,29.15,S
2021-06-11T09:29:52,1000.0,29.2,S
2021-06-11T09:29:48,800.0,29.2,S
2021-06-11T09:29:48,600.0,29.2,S
2021-06-11T09:29:48,500.0,29.2,S
2021-06-11T09:29:44,800.0,29.2,S
2021-06-11T09:29:43,500.0,29.2,S
2021-06-11T09:29:43,200.0,29.2,S
2021-06-11T09:29:42,600.0,29.2,S
2021-06-11T09:29:42,500.0,29.2,S
2021-06-11T09:29:35,100.0,29.2,S
2021-06-11T09:29:34,100.0,29.15,S
2021-06-11T09:29:31,100.0,29.2,S
2021-06-11T09:29:24,1000.0,29.4,S
2021-06-11T09:29:06,10000.0,29.15,S
2021-06-11T09:29:03,1000.0,29.4,S
2021-06-11T09:29:00,5000.0,29.2,S
2021-06-11T09:28:56,14000.0,29.4,S
2021-06-11T09:28:28,300.0,29.45,S
2021-06-11T09:28:27,2000.0,29.45,S
2021-06-11T09:28:21,500.0,29.5,B
2021-06-11T09:28:19,100.0,29.5,B
2021-06-11T09:28:17,2100.0,29.7,B
2021-06-11T09:28:15,500.0,29.45,S
2021-06-11T09:28:02,1000.0,29.5,B
2021-06-11T09:28:00,1000.0,29.5,B
2021-06-11T09:27:59,100.0,29.45,S
2021-06-11T09:27:54,100.0,29.5,S
2021-06-11T09:27:47,100.0,29.5,S
2021-06-11T09:27:41,900.0,29.5,S
2021-06-11T09:27:29,1000.0,29.5,S
2021-06-11T09:27:11,4500.0,29.5,S
2021-06-11T09:27:07,300.0,29.7,S
2021-06-11T09:26:44,3000.0,29.8,B
2021-06-11T09:26:32,600.0,29.8,B
2021-06-11T09:25:25,900.0,29.8,B
2021-06-11T09:25:15,8100.0,29.5,S
2021-06-11T09:25:15,1000.0,29.7,S
2021-06-11T09:25:15,900.0,29.7,S
2021-06-11T09:25:08,300.0,29.7,S
2021-06-11T09:25:08,4700.0,29.7,S
2021-06-11T09:24:49,200.0,29.8,B
2021-06-11T09:24:38,100.0,29.8,B
2021-06-11T09:24:29,400.0,29.8,B
2021-06-11T09:24:26,200.0,29.8,B
2021-06-11T09:24:18,1000.0,29.8,B
2021-06-11T09:24:16,100.0,29.8,B
2021-06-11T09:24:11,500.0,29.8,S
2021-06-11T09:24:10,2800.0,29.8,S
2021-06-11T09:23:54,500.0,29.85,S
2021-06-11T09:23:52,500.0,29.9,B
2021-06-11T09:23:24,1000.0,29.85,S
2021-06-11T09:23:15,400.0,29.85,S
2021-06-11T09:23:04,500.0,29.9,B
2021-06-11T09:21:56,9500.0,29.9,S
2021-06-11T09:21:43,5200.0,29.9,S
2021-06-11T09:21:43,500.0,29.9,S
2021-06-11T09:21:34,1000.0,29.9,S
2021-06-11T09:20:29,1000.0,29.9,S
2021-06-11T09:20:24,100.0,29.9,S
2021-06-11T09:20:11,10000.0,29.9,S
2021-06-11T09:20:10,1100.0,29.95,B
2021-06-11T09:20:04,1100.0,29.95,B
2021-06-11T09:19:57,100.0,29.95,B
2021-06-11T09:19:50,100.0,29.95,B
2021-06-11T09:19:48,3000.0,29.9,S
2021-06-11T09:19:43,1000.0,29.95,B
2021-06-11T09:19:34,500.0,29.95,S
2021-06-11T09:19:31,200.0,29.95,S
2021-06-11T09:19:27,1300.0,29.95,S
2021-06-11T09:19:18,200.0,29.95,B
2021-06-11T09:19:14,200.0,29.95,B
2021-06-11T09:19:13,600.0,29.95,B
2021-06-11T09:19:09,200.0,29.95,B
2021-06-11T09:19:06,1300.0,29.95,B
2021-06-11T09:18:56,300.0,29.95,B
2021-06-11T09:18:56,1700.0,29.95,B
2021-06-11T09:18:50,600.0,29.95,B
2021-06-11T09:18:50,2000.0,29.9,S
2021-06-11T09:18:46,100.0,29.9,S
2021-06-11T09:18:39,200.0,29.9,B
2021-06-11T09:18:37,600.0,29.95,B
2021-06-11T09:18:33,200.0,29.9,B
2021-06-11T09:18:20,700.0,29.5,S
2021-06-11T09:18:17,1000.0,29.95,B
2021-06-11T09:18:01,600.0,29.1,S
2021-06-11T09:18:01,4400.0,29.1,S
2021-06-11T09:17:51,400.0,29.95,S
2021-06-11T09:17:43,5000.0,30.0,B
2021-06-11T09:17:42,1500.0,30.0,B
2021-06-11T09:17:34,1000.0,29.9,S
2021-06-11T09:17:30,400.0,29.95,B
2021-06-11T09:16:59,300.0,30.0,B
2021-06-11T09:16:51,200.0,30.0,B
2021-06-11T09:16:46,600.0,29.9,S
2021-06-11T09:16:35,200.0,30.0,B
2021-06-11T09:16:34,500.0,30.0,B
2021-06-11T09:16:32,2500.0,30.0,B
2021-06-11T09:16:04,2300.0,30.0,S
2021-06-11T09:16:03,2000.0,30.0,S
2021-06-11T09:16:00,5000.0,30.0,S
2021-06-11T09:15:58,200.0,30.0,S
2021-06-11T09:15:57,1200.0,30.0,S
2021-06-11T09:15:57,1000.0,30.0,S
2021-06-11T09:15:54,10000.0,30.0,S
