tradingTime,volume,price,side
2021-06-11T14:30:42,600.0,45.0,S
2021-06-11T14:30:37,300.0,45.0,S
2021-06-11T14:30:22,2000.0,45.0,S
2021-06-11T14:30:22,4700.0,45.1,B
2021-06-11T14:30:22,4000.0,45.1,B
2021-06-11T14:30:12,1500.0,45.0,S
2021-06-11T14:30:12,500.0,45.1,B
2021-06-11T14:30:12,800.0,45.05,S
2021-06-11T14:30:12,200.0,45.05,S
2021-06-11T14:29:37,500.0,45.0,S
2021-06-11T14:29:36,1200.0,45.0,S
2021-06-11T14:29:35,400.0,45.0,S
2021-06-11T14:29:32,500.0,45.0,S
2021-06-11T14:29:30,1400.0,45.0,S
2021-06-11T14:29:26,500.0,45.0,S
2021-06-11T14:29:21,500.0,45.0,S
2021-06-11T14:29:18,500.0,45.0,S
2021-06-11T14:29:17,400.0,45.0,S
2021-06-11T14:29:14,500.0,45.0,S
2021-06-11T14:29:09,500.0,45.0,S
2021-06-11T14:29:07,2000.0,45.0,S
2021-06-11T14:29:06,500.0,45.0,S
2021-06-11T14:29:03,400.0,45.0,S
2021-06-11T14:29:01,500.0,45.0,S
2021-06-11T14:28:58,500.0,45.0,S
2021-06-11T14:28:57,500.0,45.0,S
2021-06-11T14:28:52,400.0,45.0,S
2021-06-11T14:28:52,500.0,45.0,S
2021-06-11T14:28:50,500.0,45.0,S
2021-06-11T14:28:43,400.0,45.0,S
2021-06-11T14:28:42,500.0,45.0,S
2021-06-11T14:28:39,100.0,45.0,S
2021-06-11T14:28:33,500.0,45.0,S
2021-06-11T14:28:32,500.0,45.0,S
2021-06-11T14:28:31,500.0,45.0,S
2021-06-11T14:28:28,400.0,45.0,S
2021-06-11T14:28:27,4000.0,45.0,S
2021-06-11T14:28:24,500.0,45.0,S
2021-06-11T14:28:23,500.0,45.0,S
2021-06-11T14:28:21,2000.0,45.0,S
2021-06-11T14:28:19,500.0,45.0,S
2021-06-11T14:28:17,400.0,45.0,S
2021-06-11T14:28:16,500.0,45.0,S
2021-06-11T14:28:13,400.0,45.0,S
2021-06-11T14:28:13,100.0,45.0,S
2021-06-11T14:28:09,500.0,45.0,S
2021-06-11T14:28:09,100.0,45.0,S
2021-06-11T14:28:09,300.0,45.0,S
2021-06-11T14:28:06,500.0,45.0,S
2021-06-11T14:28:03,500.0,45.0,S
2021-06-11T14:28:00,500.0,45.0,S
2021-06-11T14:27:57,400.0,45.0,S
2021-06-11T14:27:53,500.0,45.0,S
2021-06-11T14:27:51,500.0,45.0,S
2021-06-11T14:27:48,500.0,45.0,S
2021-06-11T14:27:46,400.0,45.0,S
2021-06-11T14:27:42,500.0,45.0,S
2021-06-11T14:27:40,500.0,45.0,S
2021-06-11T14:27:39,4000.0,45.0,S
2021-06-11T14:27:38,500.0,45.0,S
2021-06-11T14:27:36,500.0,45.0,S
2021-06-11T14:27:34,800.0,45.0,S
2021-06-11T14:27:28,200.0,45.0,S
2021-06-11T14:27:28,300.0,45.0,S
2021-06-11T14:27:26,400.0,45.0,S
2021-06-11T14:27:23,500.0,45.0,S
2021-06-11T14:27:18,500.0,45.0,S
2021-06-11T14:27:16,500.0,45.0,S
2021-06-11T14:27:13,400.0,45.0,S
2021-06-11T14:27:11,500.0,45.0,S
2021-06-11T14:27:08,500.0,45.0,S
2021-06-11T14:27:06,500.0,45.0,S
2021-06-11T14:27:04,400.0,45.0,S
2021-06-11T14:27:01,500.0,45.0,S
2021-06-11T14:27:00,400.0,45.0,S
2021-06-11T14:27:00,100.0,45.05,S
2021-06-11T14:26:57,500.0,45.05,S
2021-06-11T14:26:56,400.0,45.05,S
2021-06-11T14:26:55,6000.0,45.0,S
2021-06-11T14:26:54,500.0,45.0,S
2021-06-11T14:26:52,500.0,45.0,S
2021-06-11T14:26:51,500.0,45.0,S
2021-06-11T14:26:47,400.0,45.0,S
2021-06-11T14:26:44,500.0,45.0,S
2021-06-11T14:26:41,500.0,45.0,S
2021-06-11T14:26:38,500.0,45.0,S
2021-06-11T14:26:36,2300.0,45.0,S
2021-06-11T14:26:35,500.0,45.0,S
2021-06-11T14:26:31,300.0,45.0,S
2021-06-11T14:26:31,200.0,45.0,S
2021-06-11T14:26:29,500.0,45.0,S
2021-06-11T14:26:24,400.0,45.0,S
2021-06-11T14:26:24,500.0,45.0,S
2021-06-11T14:26:22,500.0,45.0,S
2021-06-11T14:26:19,400.0,45.0,S
2021-06-11T14:26:17,100.0,45.0,S
2021-06-11T14:26:16,500.0,45.0,S
2021-06-11T14:26:13,4200.0,45.1,B
2021-06-11T14:26:12,500.0,45.0,S
2021-06-11T14:26:09,500.0,45.0,S
2021-06-11T14:26:09,100.0,45.0,S
2021-06-11T14:26:08,400.0,45.0,S
2021-06-11T14:26:07,500.0,45.0,S
2021-06-11T14:26:06,400.0,45.0,S
2021-06-11T14:26:04,2000.0,45.0,S
2021-06-11T14:26:04,500.0,45.0,S
2021-06-11T14:26:03,500.0,45.0,S
2021-06-11T14:26:01,400.0,45.0,S
2021-06-11T14:25:58,500.0,45.0,S
2021-06-11T14:25:58,1000.0,45.1,B
2021-06-11T14:25:55,500.0,45.0,S
2021-06-11T14:25:53,500.0,45.0,S
2021-06-11T14:25:51,400.0,45.0,S
2021-06-11T14:25:49,500.0,45.0,S
2021-06-11T14:25:45,500.0,45.0,S
2021-06-11T14:25:44,500.0,45.0,S
2021-06-11T14:25:41,400.0,45.0,S
2021-06-11T14:25:37,500.0,45.0,S
2021-06-11T14:25:34,500.0,45.0,S
2021-06-11T14:25:34,500.0,45.0,S
2021-06-11T14:25:33,400.0,45.0,S
2021-06-11T14:25:29,400.0,45.0,S
2021-06-11T14:25:28,500.0,45.0,S
2021-06-11T14:25:24,600.0,45.0,S
2021-06-11T14:25:21,500.0,45.0,S
2021-06-11T14:25:21,100.0,45.0,S
2021-06-11T14:25:20,18000.0,45.1,B
2021-06-11T14:25:18,400.0,45.0,S
2021-06-11T14:25:16,500.0,45.0,S
2021-06-11T14:25:13,500.0,45.0,S
2021-06-11T14:25:12,400.0,45.0,S
2021-06-11T14:25:11,600.0,45.0,S
2021-06-11T14:25:09,500.0,45.0,S
2021-06-11T14:25:08,500.0,45.0,S
2021-06-11T14:25:06,500.0,45.0,S
2021-06-11T14:25:05,400.0,45.0,S
2021-06-11T14:25:03,100.0,45.0,S
2021-06-11T14:25:03,500.0,45.0,S
2021-06-11T14:25:01,500.0,45.0,S
2021-06-11T14:25:00,500.0,45.0,S
2021-06-11T14:24:57,100.0,45.1,B
2021-06-11T14:24:56,400.0,45.0,S
2021-06-11T14:24:54,500.0,45.0,S
2021-06-11T14:24:52,500.0,45.0,S
2021-06-11T14:24:49,500.0,45.0,S
2021-06-11T14:24:49,200.0,45.0,S
2021-06-11T14:24:47,400.0,45.0,S
2021-06-11T14:24:47,1500.0,45.0,S
2021-06-11T14:24:47,400.0,45.0,S
2021-06-11T14:24:46,400.0,45.0,S
2021-06-11T14:24:45,100.0,45.0,S
2021-06-11T14:24:44,200.0,45.0,S
2021-06-11T14:24:44,300.0,45.0,S
2021-06-11T14:24:42,500.0,45.0,S
2021-06-11T14:24:40,400.0,45.0,S
2021-06-11T14:24:37,500.0,45.0,S
2021-06-11T14:24:35,500.0,45.1,B
2021-06-11T14:24:35,500.0,45.0,S
2021-06-11T14:24:27,500.0,45.0,S
2021-06-11T14:24:25,400.0,45.0,S
2021-06-11T14:24:24,500.0,45.0,S
2021-06-11T14:24:21,500.0,45.0,S
2021-06-11T14:24:18,500.0,45.0,S
2021-06-11T14:24:18,400.0,45.0,S
2021-06-11T14:24:13,200.0,45.0,S
2021-06-11T14:24:12,300.0,45.0,S
2021-06-11T14:24:12,500.0,45.0,S
2021-06-11T14:24:08,400.0,45.0,S
2021-06-11T14:24:08,500.0,45.0,S
2021-06-11T14:24:06,1000.0,45.0,S
2021-06-11T14:24:06,500.0,45.0,S
2021-06-11T14:24:03,500.0,45.0,S
2021-06-11T14:24:02,200.0,45.0,S
2021-06-11T14:24:02,500.0,45.0,S
2021-06-11T14:23:59,400.0,45.0,S
2021-06-11T14:23:55,500.0,45.0,S
2021-06-11T14:23:54,1000.0,45.0,S
2021-06-11T14:23:50,500.0,45.0,S
2021-06-11T14:23:49,500.0,45.0,S
2021-06-11T14:23:44,2200.0,45.0,S
2021-06-11T14:23:42,500.0,45.0,S
2021-06-11T14:23:36,500.0,45.0,S
2021-06-11T14:23:35,500.0,45.0,S
2021-06-11T14:23:33,400.0,45.0,S
2021-06-11T14:23:32,1000.0,45.0,S
2021-06-11T14:23:31,4000.0,45.0,S
2021-06-11T14:23:30,300.0,45.0,S
2021-06-11T14:23:29,500.0,45.0,S
2021-06-11T14:23:26,200.0,45.0,S
2021-06-11T14:23:23,500.0,45.0,S
2021-06-11T14:23:23,400.0,45.0,S
2021-06-11T14:23:20,500.0,45.0,S
2021-06-11T14:23:20,5000.0,45.0,S
2021-06-11T14:23:19,500.0,45.0,S
2021-06-11T14:23:15,500.0,45.0,S
2021-06-11T14:23:12,400.0,45.0,S
2021-06-11T14:23:11,500.0,45.0,S
2021-06-11T14:23:08,3000.0,45.0,S
2021-06-11T14:23:08,500.0,45.0,S
2021-06-11T14:23:06,500.0,45.0,S
2021-06-11T14:22:58,400.0,45.0,S
2021-06-11T14:22:55,500.0,45.0,S
2021-06-11T14:22:54,500.0,45.0,S
2021-06-11T14:22:52,300.0,45.0,S
2021-06-11T14:22:48,400.0,45.0,S
2021-06-11T14:22:46,500.0,45.0,S
2021-06-11T14:22:41,500.0,45.0,S
2021-06-11T14:22:39,500.0,45.0,S
2021-06-11T14:22:38,200.0,45.0,S
2021-06-11T14:22:38,200.0,45.0,S
2021-06-11T14:22:34,1500.0,45.0,S
2021-06-11T14:22:34,1000.0,45.1,B
2021-06-11T14:22:30,500.0,45.0,S
2021-06-11T14:22:29,500.0,45.0,S
2021-06-11T14:22:27,400.0,45.0,S
2021-06-11T14:22:27,1000.0,45.1,B
2021-06-11T14:22:25,500.0,45.0,S
2021-06-11T14:22:21,500.0,45.0,S
2021-06-11T14:22:20,2000.0,45.0,S
2021-06-11T14:22:20,500.0,45.0,S
2021-06-11T14:22:18,400.0,45.0,S
2021-06-11T14:22:16,500.0,45.0,S
2021-06-11T14:22:15,1000.0,45.0,S
2021-06-11T14:22:14,500.0,45.0,S
2021-06-11T14:22:12,500.0,45.0,S
2021-06-11T14:22:11,400.0,45.0,S
2021-06-11T14:22:07,500.0,45.0,S
2021-06-11T14:22:05,500.0,45.0,S
2021-06-11T14:22:03,100.0,45.0,S
2021-06-11T14:22:03,500.0,45.0,S
2021-06-11T14:21:59,1100.0,45.0,S
2021-06-11T14:21:57,400.0,45.0,S
2021-06-11T14:21:57,100.0,45.0,S
2021-06-11T14:21:56,400.0,45.0,S
2021-06-11T14:21:55,200.0,45.0,S
2021-06-11T14:21:52,500.0,45.0,S
2021-06-11T14:21:49,500.0,45.0,S
2021-06-11T14:21:47,400.0,45.0,S
2021-06-11T14:21:41,500.0,45.0,S
2021-06-11T14:21:39,500.0,45.0,S
2021-06-11T14:21:37,400.0,45.0,S
2021-06-11T14:21:36,100.0,45.0,S
2021-06-11T14:21:35,500.0,45.0,S
2021-06-11T14:21:33,500.0,45.0,S
2021-06-11T14:21:31,1000.0,45.0,S
2021-06-11T14:21:29,400.0,45.0,S
2021-06-11T14:21:23,500.0,45.0,S
2021-06-11T14:21:21,100.0,45.0,S
2021-06-11T14:21:21,400.0,45.0,S
2021-06-11T14:21:17,500.0,45.0,S
2021-06-11T14:21:16,1000.0,45.0,S
2021-06-11T14:21:15,400.0,45.0,S
2021-06-11T14:21:14,500.0,45.0,S
2021-06-11T14:21:13,500.0,45.0,S
2021-06-11T14:21:11,500.0,45.0,S
2021-06-11T14:21:08,400.0,45.0,S
2021-06-11T14:21:07,500.0,45.0,S
2021-06-11T14:21:05,500.0,45.0,S
2021-06-11T14:21:04,500.0,45.0,S
2021-06-11T14:21:02,400.0,45.0,S
2021-06-11T14:21:00,500.0,45.0,S
2021-06-11T14:20:56,500.0,45.0,S
2021-06-11T14:20:55,500.0,45.0,S
2021-06-11T14:20:54,400.0,45.0,S
2021-06-11T14:20:52,500.0,45.0,S
2021-06-11T14:20:50,500.0,45.0,S
2021-06-11T14:20:50,500.0,45.0,S
2021-06-11T14:20:46,400.0,45.0,S
2021-06-11T14:20:43,500.0,45.0,S
2021-06-11T14:20:39,2500.0,45.0,S
2021-06-11T14:20:38,400.0,45.0,S
2021-06-11T14:20:37,500.0,45.0,S
2021-06-11T14:20:33,500.0,45.0,S
2021-06-11T14:20:31,500.0,45.1,B
2021-06-11T14:20:29,500.0,45.0,S
2021-06-11T14:20:25,100.0,45.0,S
2021-06-11T14:20:23,400.0,45.0,S
2021-06-11T14:20:23,200.0,45.0,S
2021-06-11T14:20:22,500.0,45.0,S
2021-06-11T14:20:16,500.0,45.0,S
2021-06-11T14:20:15,500.0,45.0,S
2021-06-11T14:20:13,400.0,45.0,S
2021-06-11T14:20:10,500.0,45.0,S
2021-06-11T14:20:07,500.0,45.0,S
2021-06-11T14:20:05,500.0,45.0,S
2021-06-11T14:19:59,400.0,45.0,S
2021-06-11T14:19:57,500.0,45.0,S
2021-06-11T14:19:56,500.0,45.0,S
2021-06-11T14:19:55,100.0,45.0,S
2021-06-11T14:19:54,500.0,45.0,S
2021-06-11T14:19:53,1000.0,45.0,S
2021-06-11T14:19:50,400.0,45.0,S
2021-06-11T14:19:49,500.0,45.0,S
2021-06-11T14:19:47,500.0,45.0,S
2021-06-11T14:19:43,500.0,45.0,S
2021-06-11T14:19:42,500.0,45.0,S
2021-06-11T14:19:41,400.0,45.0,S
2021-06-11T14:19:38,500.0,45.0,S
2021-06-11T14:19:37,500.0,45.0,S
2021-06-11T14:19:37,7000.0,45.0,S
2021-06-11T14:19:36,500.0,45.0,S
2021-06-11T14:19:32,500.0,45.0,S
2021-06-11T14:19:32,400.0,45.0,S
2021-06-11T14:19:30,500.0,45.0,S
2021-06-11T14:19:27,500.0,45.0,S
2021-06-11T14:19:24,400.0,45.0,S
2021-06-11T14:19:24,100.0,45.0,S
2021-06-11T14:19:22,500.0,45.0,S
2021-06-11T14:19:17,600.0,45.0,S
2021-06-11T14:19:15,500.0,45.0,S
2021-06-11T14:19:11,400.0,45.0,S
2021-06-11T14:19:09,500.0,45.0,S
2021-06-11T14:19:08,500.0,45.0,S
2021-06-11T14:19:06,500.0,45.0,S
2021-06-11T14:19:05,3000.0,45.1,B
2021-06-11T14:19:04,400.0,45.0,S
2021-06-11T14:19:01,500.0,45.0,S
2021-06-11T14:19:01,500.0,45.0,S
2021-06-11T14:18:57,500.0,45.0,S
2021-06-11T14:18:55,400.0,45.0,S
2021-06-11T14:18:52,500.0,45.0,S
2021-06-11T14:18:50,500.0,45.0,S
2021-06-11T14:18:48,500.0,45.0,S
2021-06-11T14:18:47,400.0,45.0,S
2021-06-11T14:18:43,500.0,45.0,S
2021-06-11T14:18:41,500.0,45.0,S
2021-06-11T14:18:37,500.0,45.0,S
2021-06-11T14:18:37,400.0,45.0,S
2021-06-11T14:18:35,500.0,45.0,S
2021-06-11T14:18:33,500.0,45.0,S
2021-06-11T14:18:31,500.0,45.0,S
2021-06-11T14:18:29,1000.0,45.0,S
2021-06-11T14:18:29,400.0,45.0,S
2021-06-11T14:18:26,500.0,45.0,S
2021-06-11T14:18:24,500.0,45.0,S
2021-06-11T14:18:20,500.0,45.0,S
2021-06-11T14:18:19,400.0,45.0,S
2021-06-11T14:18:18,500.0,45.0,S
2021-06-11T14:18:17,500.0,45.0,S
2021-06-11T14:18:15,400.0,45.0,S
2021-06-11T14:18:13,500.0,45.0,S
2021-06-11T14:18:10,1500.0,45.0,S
2021-06-11T14:18:08,500.0,45.0,S
2021-06-11T14:18:08,800.0,45.1,B
2021-06-11T14:18:08,100.0,45.1,B
2021-06-11T14:18:06,4400.0,45.1,B
2021-06-11T14:18:06,4700.0,45.1,B
2021-06-11T14:18:06,400.0,45.0,S
2021-06-11T14:18:04,500.0,45.0,S
2021-06-11T14:18:01,800.0,45.0,S
2021-06-11T14:17:59,500.0,45.0,S
2021-06-11T14:17:59,500.0,45.0,S
2021-06-11T14:17:56,400.0,45.0,S
2021-06-11T14:17:53,500.0,45.0,S
2021-06-11T14:17:53,500.0,45.0,S
2021-06-11T14:17:52,500.0,45.0,S
2021-06-11T14:17:50,400.0,45.0,S
2021-06-11T14:17:45,500.0,45.0,S
2021-06-11T14:17:42,500.0,45.0,S
2021-06-11T14:17:40,600.0,45.0,S
2021-06-11T14:17:39,400.0,45.0,S
2021-06-11T14:17:34,500.0,45.0,S
2021-06-11T14:17:32,500.0,45.0,S
2021-06-11T14:17:29,500.0,45.0,S
2021-06-11T14:17:27,400.0,45.0,S
2021-06-11T14:17:26,500.0,45.0,S
2021-06-11T14:17:22,500.0,45.0,S
2021-06-11T14:17:19,500.0,45.0,S
2021-06-11T14:17:17,400.0,45.0,S
2021-06-11T14:17:14,500.0,45.0,S
2021-06-11T14:17:09,500.0,45.0,S
2021-06-11T14:17:09,400.0,45.0,S
2021-06-11T14:17:07,500.0,45.0,S
2021-06-11T14:17:06,4800.0,45.1,B
2021-06-11T14:16:55,500.0,45.0,S
2021-06-11T14:16:49,500.0,45.0,S
2021-06-11T14:16:48,600.0,45.0,S
2021-06-11T14:16:47,400.0,45.0,S
2021-06-11T14:16:43,500.0,45.0,S
2021-06-11T14:16:42,500.0,45.0,S
2021-06-11T14:16:32,500.0,45.0,S
2021-06-11T14:16:28,400.0,45.0,S
2021-06-11T14:16:24,500.0,45.0,S
2021-06-11T14:16:23,500.0,45.0,S
2021-06-11T14:16:19,500.0,45.0,S
2021-06-11T14:16:16,400.0,45.0,S
2021-06-11T14:16:15,500.0,45.0,S
2021-06-11T14:16:15,200.0,45.0,S
2021-06-11T14:16:11,500.0,45.0,S
2021-06-11T14:16:10,500.0,45.0,S
2021-06-11T14:16:06,400.0,45.0,S
2021-06-11T14:16:02,500.0,45.0,S
2021-06-11T14:16:00,500.0,45.0,S
2021-06-11T14:15:57,500.0,45.0,S
2021-06-11T14:15:56,400.0,45.0,S
2021-06-11T14:15:53,500.0,45.0,S
2021-06-11T14:15:49,500.0,45.0,S
2021-06-11T14:15:47,500.0,45.0,S
2021-06-11T14:15:46,1000.0,45.0,S
2021-06-11T14:15:46,400.0,45.0,S
2021-06-11T14:15:42,500.0,45.0,S
2021-06-11T14:15:40,500.0,45.0,S
2021-06-11T14:15:39,400.0,45.0,S
2021-06-11T14:15:37,500.0,45.0,S
2021-06-11T14:15:37,3500.0,45.0,S
2021-06-11T14:15:35,500.0,45.0,S
2021-06-11T14:15:33,500.0,45.0,S
2021-06-11T14:15:30,400.0,45.0,S
2021-06-11T14:15:25,500.0,45.0,S
2021-06-11T14:15:23,500.0,45.0,S
2021-06-11T14:15:18,500.0,45.0,S
2021-06-11T14:15:14,400.0,45.0,S
2021-06-11T14:15:12,500.0,45.0,S
2021-06-11T14:15:10,3500.0,45.0,S
2021-06-11T14:15:08,400.0,45.0,S
2021-06-11T14:15:07,500.0,45.0,S
2021-06-11T14:15:05,400.0,45.0,S
2021-06-11T14:15:02,500.0,45.0,S
2021-06-11T14:15:01,500.0,45.0,S
2021-06-11T14:15:00,5000.0,45.0,S
2021-06-11T14:14:58,500.0,45.0,S
2021-06-11T14:14:57,400.0,45.0,S
2021-06-11T14:14:56,500.0,45.0,S
2021-06-11T14:14:53,500.0,45.0,S
2021-06-11T14:14:47,500.0,45.0,S
2021-06-11T14:14:46,400.0,45.0,S
2021-06-11T14:14:45,500.0,45.0,S
2021-06-11T14:14:42,500.0,45.0,S
2021-06-11T14:14:38,500.0,45.0,S
2021-06-11T14:14:37,200.0,45.0,S
2021-06-11T14:14:37,200.0,45.0,S
2021-06-11T14:14:33,4800.0,45.0,S
2021-06-11T14:14:33,900.0,45.0,S
2021-06-11T14:14:32,2900.0,45.0,S
2021-06-11T14:14:30,500.0,45.0,S
2021-06-11T14:14:28,400.0,45.0,S
2021-06-11T14:14:26,500.0,45.0,S
2021-06-11T14:14:22,500.0,45.0,S
2021-06-11T14:14:20,500.0,45.0,S
2021-06-11T14:14:17,400.0,45.0,S
2021-06-11T14:14:14,500.0,45.0,S
2021-06-11T14:14:08,500.0,45.0,S
2021-06-11T14:14:07,500.0,45.0,S
2021-06-11T14:14:05,400.0,45.0,S
2021-06-11T14:14:04,500.0,45.0,S
2021-06-11T14:14:00,500.0,45.0,S
2021-06-11T14:13:58,600.0,45.0,S
2021-06-11T14:13:58,500.0,45.0,S
2021-06-11T14:13:56,400.0,45.0,S
2021-06-11T14:13:53,500.0,45.0,S
2021-06-11T14:13:52,10500.0,45.0,S
2021-06-11T14:13:49,500.0,45.0,S
2021-06-11T14:13:49,400.0,45.0,S
2021-06-11T14:13:48,500.0,45.0,S
2021-06-11T14:13:45,500.0,45.0,S
2021-06-11T14:13:43,500.0,45.0,S
2021-06-11T14:13:42,200.0,45.0,S
2021-06-11T14:13:42,300.0,45.0,S
2021-06-11T14:13:42,400.0,45.0,S
2021-06-11T14:13:39,200.0,45.0,S
2021-06-11T14:13:39,1000.0,45.1,B
2021-06-11T14:13:39,500.0,45.0,S
2021-06-11T14:13:37,500.0,45.0,S
2021-06-11T14:13:31,500.0,45.0,S
2021-06-11T14:13:30,900.0,45.0,S
2021-06-11T14:13:29,400.0,45.0,S
2021-06-11T14:13:25,500.0,45.0,S
2021-06-11T14:13:21,500.0,45.0,S
2021-06-11T14:13:18,400.0,45.0,S
2021-06-11T14:13:13,500.0,45.0,S
2021-06-11T14:13:10,500.0,45.0,S
2021-06-11T14:13:07,500.0,45.0,S
2021-06-11T14:13:04,4500.0,45.1,B
2021-06-11T14:13:04,6600.0,45.1,B
2021-06-11T14:13:04,600.0,45.1,B
2021-06-11T14:13:03,10400.0,45.1,B
2021-06-11T14:13:03,200.0,45.1,B
2021-06-11T14:13:03,2900.0,45.1,B
2021-06-11T14:13:03,1700.0,45.1,B
2021-06-11T14:13:03,100.0,45.1,B
2021-06-11T14:13:02,2400.0,45.1,B
2021-06-11T14:13:02,200.0,45.1,B
2021-06-11T14:13:02,400.0,45.1,B
2021-06-11T14:13:02,400.0,45.0,S
2021-06-11T14:13:00,500.0,45.0,S
2021-06-11T14:12:57,500.0,45.0,S
2021-06-11T14:12:54,500.0,45.0,S
2021-06-11T14:12:51,400.0,45.0,S
2021-06-11T14:12:49,500.0,45.0,S
2021-06-11T14:12:48,500.0,45.0,S
2021-06-11T14:12:45,500.0,45.0,S
2021-06-11T14:12:35,400.0,45.0,S
2021-06-11T14:12:32,500.0,45.0,S
2021-06-11T14:12:31,3000.0,45.0,S
2021-06-11T14:12:30,500.0,45.0,S
2021-06-11T14:12:27,500.0,45.0,S
2021-06-11T14:12:25,400.0,45.0,S
2021-06-11T14:12:24,500.0,45.0,S
2021-06-11T14:12:22,500.0,45.0,S
2021-06-11T14:12:20,400.0,45.0,S
2021-06-11T14:12:19,100.0,45.05,S
2021-06-11T14:12:18,1000.0,45.05,S
2021-06-11T14:12:18,400.0,45.05,S
2021-06-11T14:12:16,200.0,45.05,S
2021-06-11T14:12:16,500.0,45.05,S
2021-06-11T14:12:14,500.0,45.0,S
2021-06-11T14:12:11,500.0,45.0,S
2021-06-11T14:12:10,400.0,45.0,S
2021-06-11T14:12:06,500.0,45.0,S
2021-06-11T14:12:06,100.0,45.0,S
2021-06-11T14:12:04,400.0,45.0,S
2021-06-11T14:12:03,100.0,45.0,S
2021-06-11T14:12:03,100.0,45.0,S
2021-06-11T14:12:01,400.0,45.0,S
2021-06-11T14:11:56,400.0,45.0,S
2021-06-11T14:11:56,100.0,45.0,S
2021-06-11T14:11:56,500.0,45.0,S
2021-06-11T14:11:54,3000.0,45.0,S
2021-06-11T14:11:52,500.0,45.0,S
2021-06-11T14:11:51,400.0,45.0,S
2021-06-11T14:11:49,500.0,45.0,S
2021-06-11T14:11:48,500.0,45.0,S
2021-06-11T14:11:47,3000.0,45.0,S
2021-06-11T14:11:46,500.0,45.0,S
2021-06-11T14:11:43,500.0,45.0,S
2021-06-11T14:11:42,600.0,45.0,S
2021-06-11T14:11:40,300.0,45.1,B
2021-06-11T14:11:39,5000.0,45.0,B
2021-06-11T14:11:39,400.0,45.0,B
2021-06-11T14:11:37,500.0,45.0,B
2021-06-11T14:11:34,500.0,45.0,B
2021-06-11T14:11:31,1600.0,45.0,B
2021-06-11T14:11:28,400.0,45.0,B
2021-06-11T14:11:26,100.0,45.0,B
2021-06-11T14:11:25,500.0,45.0,B
2021-06-11T14:11:23,500.0,45.0,B
2021-06-11T14:11:20,500.0,45.0,B
2021-06-11T14:11:18,300.0,45.0,B
2021-06-11T14:11:14,100.0,45.0,B
2021-06-11T14:11:14,500.0,45.0,B
2021-06-11T14:11:14,500.0,45.0,B
2021-06-11T14:11:14,2300.0,45.0,B
2021-06-11T14:11:13,500.0,45.0,B
2021-06-11T14:11:13,3200.0,45.0,B
2021-06-11T14:11:12,500.0,45.0,B
2021-06-11T14:11:09,400.0,45.0,B
2021-06-11T14:11:08,500.0,45.0,B
2021-06-11T14:11:01,500.0,45.0,B
2021-06-11T14:10:58,500.0,45.0,B
2021-06-11T14:10:55,500.0,45.0,B
2021-06-11T14:10:55,400.0,45.0,B
2021-06-11T14:10:55,200.0,45.0,B
2021-06-11T14:10:55,300.0,45.0,B
2021-06-11T14:10:54,500.0,45.0,B
2021-06-11T14:10:52,400.0,45.0,B
2021-06-11T14:10:50,500.0,45.0,B
2021-06-11T14:10:47,500.0,45.0,B
2021-06-11T14:10:46,500.0,45.0,B
2021-06-11T14:10:45,400.0,45.0,B
2021-06-11T14:10:43,500.0,45.0,B
2021-06-11T14:10:41,300.0,45.0,B
2021-06-11T14:10:41,500.0,45.0,B
2021-06-11T14:10:38,2500.0,45.0,B
2021-06-11T14:10:35,400.0,45.0,B
2021-06-11T14:10:33,500.0,45.0,B
2021-06-11T14:10:32,500.0,45.0,B
2021-06-11T14:10:32,100.0,45.0,B
2021-06-11T14:10:31,500.0,45.0,B
2021-06-11T14:10:28,400.0,45.0,B
2021-06-11T14:10:26,500.0,45.0,B
2021-06-11T14:10:22,500.0,45.0,B
2021-06-11T14:10:17,500.0,45.0,B
2021-06-11T14:10:14,400.0,45.0,B
2021-06-11T14:10:12,500.0,45.0,B
2021-06-11T14:10:10,500.0,45.0,B
2021-06-11T14:10:09,700.0,45.0,B
2021-06-11T14:10:07,4400.0,45.0,B
2021-06-11T14:10:07,500.0,45.0,B
2021-06-11T14:10:05,500.0,45.0,B
2021-06-11T14:10:02,500.0,45.0,B
2021-06-11T14:10:01,400.0,45.0,B
2021-06-11T14:09:58,1200.0,45.0,B
2021-06-11T14:09:58,500.0,45.0,B
2021-06-11T14:09:56,400.0,45.0,B
2021-06-11T14:09:50,500.0,45.0,B
2021-06-11T14:09:48,400.0,45.0,B
2021-06-11T14:09:46,400.0,45.0,B
2021-06-11T14:09:44,100.0,45.0,B
2021-06-11T14:09:33,500.0,45.0,B
2021-06-11T14:09:32,500.0,45.0,B
2021-06-11T14:09:28,400.0,45.0,B
2021-06-11T14:09:25,500.0,45.0,B
2021-06-11T14:09:22,500.0,45.0,B
2021-06-11T14:09:21,500.0,45.0,B
2021-06-11T14:09:20,500.0,45.0,B
2021-06-11T14:09:19,400.0,45.0,B
2021-06-11T14:09:17,500.0,45.0,B
2021-06-11T14:09:17,1000.0,45.0,B
2021-06-11T14:09:16,500.0,45.0,B
2021-06-11T14:09:14,500.0,45.0,B
2021-06-11T14:09:11,500.0,45.0,B
2021-06-11T14:09:08,400.0,45.0,B
2021-06-11T14:09:05,200.0,44.95,S
2021-06-11T14:09:05,200.0,45.0,B
2021-06-11T14:09:04,100.0,45.0,B
2021-06-11T14:09:03,100.0,45.1,B
2021-06-11T14:09:02,500.0,45.0,B
2021-06-11T14:09:00,500.0,45.0,B
2021-06-11T14:08:58,400.0,45.0,B
2021-06-11T14:08:55,100.0,45.0,B
2021-06-11T14:08:53,500.0,45.0,B
2021-06-11T14:08:52,500.0,45.0,B
2021-06-11T14:08:49,500.0,45.0,B
2021-06-11T14:08:47,400.0,45.0,B
2021-06-11T14:08:44,500.0,45.0,B
2021-06-11T14:08:42,500.0,45.0,B
2021-06-11T14:08:41,200.0,45.0,B
2021-06-11T14:08:41,500.0,45.0,B
2021-06-11T14:08:38,400.0,45.0,B
2021-06-11T14:08:38,100.0,45.0,B
2021-06-11T14:08:34,500.0,45.0,B
2021-06-11T14:08:34,500.0,45.0,B
2021-06-11T14:08:33,300.0,45.0,B
2021-06-11T14:08:32,500.0,45.0,B
2021-06-11T14:08:31,400.0,45.0,B
2021-06-11T14:08:29,300.0,45.0,B
2021-06-11T14:08:28,500.0,45.0,B
2021-06-11T14:08:23,500.0,45.0,B
2021-06-11T14:08:23,500.0,45.0,B
2021-06-11T14:08:20,200.0,45.0,B
2021-06-11T14:08:20,5400.0,45.0,B
2021-06-11T14:08:19,400.0,44.95,S
2021-06-11T14:08:17,500.0,44.95,S
2021-06-11T14:08:12,500.0,44.95,S
2021-06-11T14:08:07,500.0,44.95,S
2021-06-11T14:08:06,1000.0,45.0,B
2021-06-11T14:08:06,1000.0,45.0,B
2021-06-11T14:08:05,400.0,44.95,S
2021-06-11T14:08:04,500.0,44.95,S
2021-06-11T14:08:03,500.0,44.95,S
2021-06-11T14:08:00,500.0,44.95,S
2021-06-11T14:07:59,1200.0,45.1,B
2021-06-11T14:07:59,800.0,45.1,B
2021-06-11T14:07:58,100.0,44.95,S
2021-06-11T14:07:58,400.0,44.95,S
2021-06-11T14:07:57,500.0,44.95,S
2021-06-11T14:07:55,500.0,44.95,S
2021-06-11T14:07:54,500.0,44.95,S
2021-06-11T14:07:49,400.0,44.95,S
2021-06-11T14:07:48,500.0,44.95,S
2021-06-11T14:07:44,500.0,44.95,S
2021-06-11T14:07:39,500.0,45.0,B
2021-06-11T14:07:37,400.0,44.95,S
2021-06-11T14:07:35,500.0,44.95,S
2021-06-11T14:07:34,500.0,44.95,S
2021-06-11T14:07:32,400.0,44.95,S
2021-06-11T14:07:31,100.0,44.95,S
2021-06-11T14:07:29,400.0,44.95,S
2021-06-11T14:07:23,500.0,45.0,B
2021-06-11T14:07:21,500.0,44.95,S
2021-06-11T14:07:20,500.0,44.95,S
2021-06-11T14:07:19,2500.0,44.95,S
2021-06-11T14:07:19,400.0,44.95,S
2021-06-11T14:07:18,100.0,45.0,B
2021-06-11T14:07:17,500.0,45.0,B
2021-06-11T14:07:17,900.0,45.0,B
2021-06-11T14:07:15,500.0,44.95,S
2021-06-11T14:07:11,400.0,44.95,S
2021-06-11T14:07:09,500.0,44.95,S
2021-06-11T14:07:09,500.0,44.95,S
2021-06-11T14:07:07,500.0,44.95,S
2021-06-11T14:07:02,400.0,44.95,S
2021-06-11T14:07:01,500.0,44.95,S
2021-06-11T14:07:00,500.0,44.95,S
2021-06-11T14:06:56,800.0,44.95,S
2021-06-11T14:06:55,100.0,45.0,B
2021-06-11T14:06:54,400.0,44.95,S
2021-06-11T14:06:52,500.0,44.95,S
2021-06-11T14:06:49,500.0,44.95,S
2021-06-11T14:06:47,500.0,44.95,S
2021-06-11T14:06:46,400.0,44.95,S
2021-06-11T14:06:46,5000.0,45.0,B
2021-06-11T14:06:45,500.0,44.95,S
2021-06-11T14:06:43,500.0,44.95,S
2021-06-11T14:06:41,500.0,44.95,S
2021-06-11T14:06:41,400.0,44.95,S
2021-06-11T14:06:40,500.0,44.95,S
2021-06-11T14:06:40,500.0,44.95,S
2021-06-11T14:06:29,500.0,44.95,S
2021-06-11T14:06:26,300.0,44.95,S
2021-06-11T14:06:25,100.0,45.0,B
2021-06-11T14:06:20,500.0,45.0,B
2021-06-11T14:06:17,500.0,45.0,B
2021-06-11T14:06:09,500.0,45.0,B
2021-06-11T14:06:08,1000.0,45.0,B
2021-06-11T14:06:07,400.0,45.0,B
2021-06-11T14:06:02,500.0,44.95,S
2021-06-11T14:05:59,500.0,44.95,S
2021-06-11T14:05:59,400.0,45.0,B
2021-06-11T14:05:57,500.0,45.0,B
2021-06-11T14:05:55,500.0,45.0,B
2021-06-11T14:05:54,500.0,45.0,B
2021-06-11T14:05:54,2500.0,45.0,B
2021-06-11T14:05:53,400.0,45.0,B
2021-06-11T14:05:48,500.0,44.95,S
2021-06-11T14:05:45,500.0,44.95,S
2021-06-11T14:05:42,500.0,44.95,S
2021-06-11T14:05:37,500.0,45.1,B
2021-06-11T14:05:35,800.0,45.1,B
2021-06-11T14:05:34,500.0,44.95,S
2021-06-11T14:05:33,500.0,44.95,S
2021-06-11T14:05:27,500.0,44.95,S
2021-06-11T14:05:25,400.0,44.95,S
2021-06-11T14:05:24,100.0,45.0,S
2021-06-11T14:05:22,900.0,45.0,S
2021-06-11T14:05:19,500.0,44.95,S
2021-06-11T14:05:16,500.0,44.95,S
2021-06-11T14:05:12,500.0,44.95,S
2021-06-11T14:05:12,400.0,45.0,S
2021-06-11T14:05:10,1200.0,45.0,S
2021-06-11T14:05:09,500.0,44.95,S
2021-06-11T14:05:09,500.0,44.95,S
2021-06-11T14:05:05,200.0,44.95,S
2021-06-11T14:05:05,500.0,44.95,S
2021-06-11T14:05:04,400.0,44.95,S
2021-06-11T14:05:01,200.0,44.95,S
2021-06-11T14:05:01,300.0,44.95,S
2021-06-11T14:04:57,500.0,44.95,S
2021-06-11T14:04:54,500.0,45.0,S
2021-06-11T14:04:50,400.0,45.0,S
2021-06-11T14:04:49,500.0,44.95,S
2021-06-11T14:04:46,500.0,44.95,S
2021-06-11T14:04:46,500.0,44.95,S
2021-06-11T14:04:44,400.0,44.95,S
2021-06-11T14:04:41,500.0,44.95,S
2021-06-11T14:04:39,500.0,44.95,S
2021-06-11T14:04:38,100.0,45.0,B
2021-06-11T14:04:38,500.0,44.95,S
2021-06-11T14:04:34,500.0,45.0,B
2021-06-11T14:04:34,400.0,44.95,S
2021-06-11T14:04:32,500.0,44.95,S
2021-06-11T14:04:28,500.0,44.95,S
2021-06-11T14:04:25,500.0,44.95,S
2021-06-11T14:04:23,400.0,44.95,S
2021-06-11T14:04:20,500.0,44.95,S
2021-06-11T14:04:20,500.0,45.0,S
2021-06-11T14:04:18,100.0,45.0,S
2021-06-11T14:04:18,400.0,45.0,S
2021-06-11T14:04:15,600.0,45.0,S
2021-06-11T14:04:13,400.0,45.0,S
2021-06-11T14:04:12,300.0,45.0,S
2021-06-11T14:04:10,500.0,45.0,S
2021-06-11T14:04:08,500.0,45.0,S
2021-06-11T14:04:06,500.0,45.0,S
2021-06-11T14:04:03,400.0,45.0,B
2021-06-11T14:04:02,400.0,45.0,B
2021-06-11T14:04:01,500.0,44.95,S
2021-06-11T14:03:58,500.0,44.95,S
2021-06-11T14:03:54,500.0,44.95,S
2021-06-11T14:03:53,400.0,44.95,S
2021-06-11T14:03:50,500.0,44.95,S
2021-06-11T14:03:48,500.0,44.95,S
2021-06-11T14:03:45,500.0,44.95,S
2021-06-11T14:03:42,400.0,44.95,S
2021-06-11T14:03:40,500.0,45.0,B
2021-06-11T14:03:37,300.0,45.0,B
2021-06-11T14:03:36,500.0,45.0,B
2021-06-11T14:03:35,1700.0,45.0,B
2021-06-11T14:03:34,400.0,44.95,S
2021-06-11T14:03:31,500.0,44.95,S
2021-06-11T14:03:29,500.0,44.95,S
2021-06-11T14:03:27,500.0,44.95,S
2021-06-11T14:03:24,400.0,44.95,S
2021-06-11T14:03:21,500.0,44.95,S
2021-06-11T14:03:18,500.0,44.95,S
2021-06-11T14:03:16,500.0,44.95,S
2021-06-11T14:03:16,900.0,44.95,S
2021-06-11T14:03:13,400.0,44.95,S
2021-06-11T14:03:10,500.0,44.95,S
2021-06-11T14:03:09,500.0,44.95,S
2021-06-11T14:03:06,500.0,44.95,S
2021-06-11T14:03:04,400.0,44.95,S
2021-06-11T14:03:03,300.0,44.95,S
2021-06-11T14:03:03,200.0,44.95,S
2021-06-11T14:03:00,400.0,45.0,B
2021-06-11T14:03:00,3000.0,45.0,B
2021-06-11T14:03:00,1600.0,45.0,B
2021-06-11T14:02:59,500.0,44.95,S
2021-06-11T14:02:58,500.0,44.95,S
2021-06-11T14:02:55,4800.0,45.0,B
2021-06-11T14:02:55,3000.0,45.0,B
2021-06-11T14:02:55,200.0,45.0,B
2021-06-11T14:02:55,1600.0,45.0,B
2021-06-11T14:02:55,5000.0,45.0,B
2021-06-11T14:02:54,1300.0,45.0,B
2021-06-11T14:02:54,4100.0,45.0,B
2021-06-11T14:02:54,400.0,44.95,S
2021-06-11T14:02:52,500.0,44.95,S
2021-06-11T14:02:49,500.0,44.95,S
2021-06-11T14:02:48,500.0,44.95,S
2021-06-11T14:02:45,400.0,44.95,S
2021-06-11T14:02:42,400.0,44.95,S
2021-06-11T14:02:42,500.0,44.95,S
2021-06-11T14:02:40,500.0,44.95,S
2021-06-11T14:02:37,500.0,44.95,S
2021-06-11T14:02:34,400.0,44.95,S
2021-06-11T14:02:34,200.0,44.95,S
2021-06-11T14:02:32,500.0,44.95,S
2021-06-11T14:02:28,500.0,44.95,S
2021-06-11T14:02:26,400.0,44.95,S
2021-06-11T14:02:21,500.0,44.95,S
2021-06-11T14:02:19,500.0,44.95,S
2021-06-11T14:02:19,100.0,45.0,B
2021-06-11T14:02:16,100.0,45.0,B
2021-06-11T14:02:16,500.0,44.95,S
2021-06-11T14:02:14,400.0,44.95,S
2021-06-11T14:02:13,500.0,44.95,S
2021-06-11T14:02:08,500.0,44.95,S
2021-06-11T14:02:08,100.0,45.0,B
2021-06-11T14:02:07,500.0,44.95,S
2021-06-11T14:02:03,400.0,44.95,S
2021-06-11T14:02:01,500.0,44.95,S
2021-06-11T14:01:58,500.0,44.95,S
2021-06-11T14:01:56,500.0,44.95,S
2021-06-11T14:01:53,400.0,44.95,S
2021-06-11T14:01:51,500.0,44.95,S
2021-06-11T14:01:48,500.0,44.95,S
2021-06-11T14:01:45,500.0,45.0,B
2021-06-11T14:01:45,100.0,44.95,S
2021-06-11T14:01:45,500.0,44.95,S
2021-06-11T14:01:42,1400.0,45.0,B
2021-06-11T14:01:41,400.0,44.95,S
2021-06-11T14:01:40,500.0,44.95,S
2021-06-11T14:01:38,500.0,44.95,S
2021-06-11T14:01:38,500.0,44.95,S
2021-06-11T14:01:37,100.0,45.0,B
2021-06-11T14:01:32,400.0,44.95,S
2021-06-11T14:01:30,500.0,44.95,S
2021-06-11T14:01:28,500.0,44.95,S
2021-06-11T14:01:27,200.0,45.0,B
2021-06-11T14:01:24,500.0,44.95,S
2021-06-11T14:01:22,400.0,44.95,S
2021-06-11T14:01:22,500.0,45.0,B
2021-06-11T14:01:19,500.0,44.95,S
2021-06-11T14:01:18,500.0,45.0,B
2021-06-11T14:01:17,500.0,44.95,S
2021-06-11T14:01:13,400.0,44.95,S
2021-06-11T14:01:10,500.0,44.95,S
2021-06-11T14:01:10,500.0,44.95,S
2021-06-11T14:01:06,500.0,44.95,S
2021-06-11T14:01:04,400.0,44.95,S
2021-06-11T14:01:00,200.0,44.95,S
2021-06-11T14:01:00,300.0,44.95,S
2021-06-11T14:00:58,800.0,44.95,S
2021-06-11T14:00:57,500.0,44.95,S
2021-06-11T14:00:53,400.0,44.95,S
2021-06-11T14:00:51,500.0,44.95,S
2021-06-11T14:00:47,500.0,44.95,S
2021-06-11T14:00:46,4000.0,45.0,B
2021-06-11T14:00:46,500.0,44.95,S
2021-06-11T14:00:43,400.0,44.95,S
2021-06-11T14:00:42,500.0,44.95,S
2021-06-11T14:00:39,500.0,44.95,S
2021-06-11T14:00:36,500.0,44.95,S
2021-06-11T14:00:35,400.0,44.95,S
2021-06-11T14:00:30,100.0,45.0,B
2021-06-11T14:00:30,1000.0,45.0,B
2021-06-11T14:00:30,500.0,44.95,S
2021-06-11T14:00:26,500.0,44.95,S
2021-06-11T14:00:23,800.0,45.0,B
2021-06-11T14:00:22,400.0,44.95,S
2021-06-11T14:00:20,500.0,44.95,S
2021-06-11T14:00:18,5000.0,45.0,B
2021-06-11T14:00:17,500.0,44.95,S
2021-06-11T14:00:14,500.0,44.95,S
2021-06-11T14:00:13,400.0,44.95,S
2021-06-11T14:00:10,500.0,44.95,S
2021-06-11T14:00:09,500.0,44.95,S
2021-06-11T14:00:08,2000.0,45.0,B
2021-06-11T14:00:05,400.0,44.95,S
2021-06-11T14:00:03,500.0,44.95,S
2021-06-11T13:59:58,500.0,44.95,S
2021-06-11T13:59:56,1000.0,45.0,B
2021-06-11T13:59:56,500.0,44.95,S
2021-06-11T13:59:55,3600.0,44.95,S
2021-06-11T13:59:54,1000.0,45.0,B
2021-06-11T13:59:54,400.0,44.95,S
2021-06-11T13:59:51,500.0,44.95,S
2021-06-11T13:59:49,500.0,44.95,S
2021-06-11T13:59:49,500.0,44.95,S
2021-06-11T13:59:43,400.0,44.95,S
2021-06-11T13:59:40,500.0,44.95,S
2021-06-11T13:59:39,4000.0,44.95,S
2021-06-11T13:59:37,500.0,44.95,S
2021-06-11T13:59:36,1000.0,45.0,B
2021-06-11T13:59:36,500.0,44.95,S
2021-06-11T13:59:35,300.0,45.0,B
2021-06-11T13:59:33,400.0,44.95,S
2021-06-11T13:59:32,200.0,45.0,B
2021-06-11T13:59:31,500.0,44.95,S
2021-06-11T13:59:28,2200.0,45.0,B
2021-06-11T13:59:27,3300.0,45.0,B
2021-06-11T13:59:27,3100.0,45.0,B
2021-06-11T13:59:27,900.0,45.0,B
2021-06-11T13:59:27,16000.0,45.0,B
2021-06-11T13:59:24,500.0,44.95,S
2021-06-11T13:59:23,400.0,44.95,S
2021-06-11T13:59:21,1000.0,44.95,S
2021-06-11T13:59:17,500.0,44.95,S
2021-06-11T13:59:15,400.0,44.95,S
2021-06-11T13:59:15,500.0,44.95,S
2021-06-11T13:59:13,100.0,45.0,B
2021-06-11T13:59:09,500.0,44.95,S
2021-06-11T13:59:06,500.0,44.95,S
2021-06-11T13:59:05,400.0,44.95,S
2021-06-11T13:59:02,500.0,44.95,S
2021-06-11T13:59:00,500.0,44.95,S
2021-06-11T13:58:56,400.0,44.95,S
2021-06-11T13:58:54,500.0,44.95,S
2021-06-11T13:58:51,500.0,44.95,S
2021-06-11T13:58:50,500.0,44.95,S
2021-06-11T13:58:48,400.0,44.95,S
2021-06-11T13:58:44,600.0,44.95,S
2021-06-11T13:58:40,500.0,44.95,S
2021-06-11T13:58:36,500.0,44.95,S
2021-06-11T13:58:34,400.0,44.95,S
2021-06-11T13:58:31,500.0,44.95,S
2021-06-11T13:58:28,500.0,44.95,S
2021-06-11T13:58:28,1000.0,45.0,B
2021-06-11T13:58:27,100.0,44.95,S
2021-06-11T13:58:27,400.0,44.95,S
2021-06-11T13:58:23,400.0,44.95,S
2021-06-11T13:58:22,500.0,44.95,S
2021-06-11T13:58:18,500.0,44.95,S
2021-06-11T13:58:15,500.0,44.95,S
2021-06-11T13:58:13,400.0,44.95,S
2021-06-11T13:58:10,500.0,44.95,S
2021-06-11T13:58:09,500.0,44.95,S
2021-06-11T13:58:05,500.0,44.95,S
2021-06-11T13:58:02,400.0,44.95,S
2021-06-11T13:58:00,500.0,44.95,S
2021-06-11T13:57:57,500.0,44.95,S
2021-06-11T13:57:54,500.0,44.95,S
2021-06-11T13:57:53,800.0,45.0,B
2021-06-11T13:57:50,500.0,44.95,S
2021-06-11T13:57:48,500.0,44.95,S
2021-06-11T13:57:44,500.0,44.95,S
2021-06-11T13:57:42,400.0,44.95,S
2021-06-11T13:57:40,500.0,44.95,S
2021-06-11T13:57:37,700.0,45.0,B
2021-06-11T13:57:34,400.0,44.95,S
2021-06-11T13:57:31,500.0,44.95,S
2021-06-11T13:57:29,500.0,44.95,S
2021-06-11T13:57:27,500.0,44.95,S
2021-06-11T13:57:25,400.0,44.95,S
2021-06-11T13:57:22,500.0,44.95,S
2021-06-11T13:57:20,1000.0,45.0,B
2021-06-11T13:57:20,500.0,44.95,S
2021-06-11T13:57:19,1000.0,45.0,B
2021-06-11T13:57:17,500.0,44.95,S
2021-06-11T13:57:13,400.0,44.95,S
2021-06-11T13:57:11,500.0,44.95,S
2021-06-11T13:57:07,500.0,44.95,S
2021-06-11T13:57:06,500.0,44.95,S
2021-06-11T13:57:03,400.0,44.95,S
2021-06-11T13:57:01,1000.0,45.0,B
2021-06-11T13:57:00,500.0,44.95,S
2021-06-11T13:56:58,500.0,44.95,S
2021-06-11T13:56:55,500.0,44.95,S
2021-06-11T13:56:53,400.0,44.95,S
2021-06-11T13:56:51,1500.0,45.0,B
2021-06-11T13:56:51,500.0,44.95,S
2021-06-11T13:56:50,500.0,44.95,S
2021-06-11T13:56:48,500.0,44.95,S
2021-06-11T13:56:44,400.0,44.95,S
2021-06-11T13:56:43,100.0,44.95,S
2021-06-11T13:56:42,500.0,44.95,S
2021-06-11T13:56:39,500.0,44.95,S
2021-06-11T13:56:37,500.0,44.95,S
2021-06-11T13:56:33,400.0,44.95,S
2021-06-11T13:56:30,500.0,44.95,S
2021-06-11T13:56:28,500.0,44.95,S
2021-06-11T13:56:24,400.0,44.95,S
2021-06-11T13:56:23,500.0,44.95,S
2021-06-11T13:56:21,100.0,44.95,S
2021-06-11T13:56:19,500.0,44.95,S
2021-06-11T13:56:18,5000.0,45.0,B
2021-06-11T13:56:18,2200.0,45.0,B
2021-06-11T13:56:17,500.0,44.95,S
2021-06-11T13:56:17,400.0,44.95,S
2021-06-11T13:56:15,1000.0,45.0,B
2021-06-11T13:56:11,500.0,44.95,S
2021-06-11T13:56:08,500.0,44.95,S
2021-06-11T13:56:06,500.0,44.95,S
2021-06-11T13:56:05,400.0,44.95,S
2021-06-11T13:56:04,100.0,45.0,B
2021-06-11T13:56:01,500.0,44.95,S
2021-06-11T13:55:58,500.0,44.95,S
2021-06-11T13:55:56,500.0,44.95,S
2021-06-11T13:55:53,2500.0,44.95,S
2021-06-11T13:55:52,400.0,44.95,S
2021-06-11T13:55:52,500.0,44.95,S
2021-06-11T13:55:48,600.0,45.0,B
2021-06-11T13:55:47,500.0,44.95,S
2021-06-11T13:55:46,500.0,44.95,S
2021-06-11T13:55:45,400.0,44.95,S
2021-06-11T13:55:43,500.0,44.95,S
2021-06-11T13:55:42,500.0,44.95,S
2021-06-11T13:55:41,500.0,44.95,S
2021-06-11T13:55:37,400.0,44.95,S
2021-06-11T13:55:36,500.0,44.95,S
2021-06-11T13:55:34,100.0,44.95,S
2021-06-11T13:55:34,500.0,44.95,S
2021-06-11T13:55:27,500.0,44.95,S
2021-06-11T13:55:24,400.0,44.95,S
2021-06-11T13:55:23,500.0,44.95,S
2021-06-11T13:55:18,500.0,44.95,S
2021-06-11T13:55:16,400.0,44.95,S
2021-06-11T13:55:13,500.0,44.95,S
2021-06-11T13:55:11,500.0,44.95,S
2021-06-11T13:55:08,500.0,44.95,S
2021-06-11T13:55:08,5000.0,45.0,B
2021-06-11T13:55:08,200.0,44.95,S
2021-06-11T13:55:06,400.0,44.95,S
2021-06-11T13:55:03,500.0,44.95,S
2021-06-11T13:55:00,500.0,44.95,S
2021-06-11T13:54:55,500.0,44.95,S
2021-06-11T13:54:53,400.0,44.95,S
2021-06-11T13:54:51,500.0,44.95,S
2021-06-11T13:54:49,10000.0,45.0,B
2021-06-11T13:54:48,500.0,44.95,S
2021-06-11T13:54:46,500.0,44.95,S
2021-06-11T13:54:43,400.0,44.95,S
2021-06-11T13:54:41,500.0,44.95,S
2021-06-11T13:54:37,500.0,44.95,S
2021-06-11T13:54:36,500.0,44.95,S
2021-06-11T13:54:33,400.0,44.95,S
2021-06-11T13:54:30,5000.0,45.0,B
2021-06-11T13:54:30,500.0,44.95,S
2021-06-11T13:54:28,500.0,44.95,S
2021-06-11T13:54:26,1500.0,45.0,B
2021-06-11T13:54:26,500.0,44.95,S
2021-06-11T13:54:24,400.0,44.95,S
2021-06-11T13:54:21,500.0,44.95,S
2021-06-11T13:54:16,500.0,44.95,S
2021-06-11T13:54:15,500.0,44.95,S
2021-06-11T13:54:12,400.0,44.95,S
2021-06-11T13:54:10,500.0,44.95,S
2021-06-11T13:54:07,500.0,44.95,S
2021-06-11T13:54:06,1000.0,45.0,B
2021-06-11T13:54:04,400.0,44.95,S
2021-06-11T13:54:03,500.0,44.95,S
2021-06-11T13:54:00,500.0,44.95,S
2021-06-11T13:53:59,500.0,44.95,S
2021-06-11T13:53:58,7000.0,45.0,B
2021-06-11T13:53:54,400.0,44.95,S
2021-06-11T13:53:52,500.0,44.95,S
2021-06-11T13:53:48,500.0,44.95,S
2021-06-11T13:53:45,500.0,44.95,S
2021-06-11T13:53:43,400.0,44.95,S
2021-06-11T13:53:42,500.0,44.95,S
2021-06-11T13:53:40,500.0,44.95,S
2021-06-11T13:53:38,20000.0,45.0,B
2021-06-11T13:53:36,500.0,44.95,S
2021-06-11T13:53:32,400.0,44.95,S
2021-06-11T13:53:31,800.0,44.95,S
2021-06-11T13:53:31,500.0,44.9,S
2021-06-11T13:53:28,500.0,44.9,S
2021-06-11T13:53:27,500.0,44.9,S
2021-06-11T13:53:23,400.0,44.9,S
2021-06-11T13:53:22,500.0,44.95,S
2021-06-11T13:53:19,500.0,44.95,S
2021-06-11T13:53:16,500.0,44.95,S
2021-06-11T13:53:13,400.0,44.95,S
2021-06-11T13:53:11,500.0,44.95,S
2021-06-11T13:53:11,200.0,45.0,B
2021-06-11T13:53:09,500.0,44.95,S
2021-06-11T13:53:05,500.0,44.95,S
2021-06-11T13:53:03,400.0,44.95,S
2021-06-11T13:53:00,500.0,44.95,S
2021-06-11T13:52:58,500.0,44.95,S
2021-06-11T13:52:56,400.0,44.9,S
2021-06-11T13:52:54,500.0,44.9,S
2021-06-11T13:52:51,8400.0,45.0,B
2021-06-11T13:52:51,500.0,45.0,B
2021-06-11T13:52:51,6000.0,44.95,B
2021-06-11T13:52:51,2000.0,44.95,B
2021-06-11T13:52:51,100.0,44.95,B
2021-06-11T13:52:51,500.0,44.9,S
2021-06-11T13:52:48,500.0,44.9,S
2021-06-11T13:52:45,400.0,44.9,S
2021-06-11T13:52:43,100.0,44.9,S
2021-06-11T13:52:42,400.0,44.9,S
2021-06-11T13:52:39,500.0,44.9,S
2021-06-11T13:52:36,500.0,44.9,S
2021-06-11T13:52:34,400.0,44.9,S
2021-06-11T13:52:32,500.0,44.9,S
2021-06-11T13:52:31,500.0,44.9,S
2021-06-11T13:52:26,500.0,44.9,S
2021-06-11T13:52:24,400.0,44.9,S
2021-06-11T13:52:20,500.0,44.9,B
2021-06-11T13:52:18,500.0,44.9,B
2021-06-11T13:52:16,500.0,44.9,B
2021-06-11T13:52:14,400.0,44.8,S
2021-06-11T13:52:11,500.0,44.8,S
2021-06-11T13:52:09,200.0,44.8,S
2021-06-11T13:52:09,300.0,44.8,S
2021-06-11T13:52:06,500.0,44.8,S
2021-06-11T13:52:05,400.0,44.8,S
2021-06-11T13:52:02,500.0,44.8,S
2021-06-11T13:52:00,1000.0,44.8,S
2021-06-11T13:51:58,500.0,44.8,S
2021-06-11T13:51:56,400.0,44.8,S
2021-06-11T13:51:52,500.0,44.9,B
2021-06-11T13:51:49,500.0,44.9,B
2021-06-11T13:51:48,400.0,44.9,B
2021-06-11T13:51:45,500.0,44.9,B
2021-06-11T13:51:43,500.0,44.9,B
2021-06-11T13:51:41,500.0,44.9,B
2021-06-11T13:51:37,400.0,44.9,B
2021-06-11T13:51:36,500.0,44.9,B
2021-06-11T13:51:34,500.0,44.9,B
2021-06-11T13:51:32,600.0,44.9,B
2021-06-11T13:51:29,500.0,44.8,S
2021-06-11T13:51:28,400.0,44.8,S
2021-06-11T13:51:25,500.0,44.8,S
2021-06-11T13:51:19,500.0,44.8,S
2021-06-11T13:51:15,500.0,44.8,S
2021-06-11T13:51:15,100.0,44.9,B
2021-06-11T13:51:14,400.0,44.8,S
2021-06-11T13:51:11,500.0,44.8,S
2021-06-11T13:51:09,500.0,44.8,S
2021-06-11T13:51:06,500.0,44.8,S
2021-06-11T13:51:04,400.0,44.8,S
2021-06-11T13:51:02,500.0,44.8,S
2021-06-11T13:50:58,500.0,44.9,B
2021-06-11T13:50:56,1800.0,44.9,B
2021-06-11T13:50:55,500.0,44.8,S
2021-06-11T13:50:55,100.0,44.9,B
2021-06-11T13:50:53,400.0,44.8,S
2021-06-11T13:50:51,500.0,44.8,S
2021-06-11T13:50:49,500.0,44.8,S
2021-06-11T13:50:48,100.0,44.9,B
2021-06-11T13:50:48,8700.0,44.9,B
2021-06-11T13:50:47,1300.0,44.9,B
2021-06-11T13:50:47,500.0,44.8,S
2021-06-11T13:50:45,400.0,44.8,S
2021-06-11T13:50:41,500.0,44.8,S
2021-06-11T13:50:39,500.0,44.8,S
2021-06-11T13:50:35,400.0,44.8,S
2021-06-11T13:50:32,500.0,44.8,S
2021-06-11T13:50:30,400.0,44.9,B
2021-06-11T13:50:30,500.0,44.8,S
2021-06-11T13:50:27,500.0,44.8,S
2021-06-11T13:50:25,400.0,44.8,S
2021-06-11T13:50:25,100.0,44.8,S
2021-06-11T13:50:22,500.0,44.8,S
2021-06-11T13:50:19,500.0,44.8,S
2021-06-11T13:50:18,500.0,44.8,S
2021-06-11T13:50:14,400.0,44.8,S
2021-06-11T13:50:13,500.0,44.8,S
2021-06-11T13:50:10,500.0,44.8,S
2021-06-11T13:50:07,500.0,44.8,B
2021-06-11T13:50:04,400.0,44.8,B
2021-06-11T13:50:01,500.0,44.8,B
2021-06-11T13:49:59,500.0,44.8,B
2021-06-11T13:49:55,500.0,44.8,B
2021-06-11T13:49:54,400.0,44.8,B
2021-06-11T13:49:51,500.0,44.8,B
2021-06-11T13:49:47,500.0,44.8,B
2021-06-11T13:49:46,500.0,44.8,B
2021-06-11T13:49:42,400.0,44.8,B
2021-06-11T13:49:41,500.0,44.8,B
2021-06-11T13:49:39,500.0,44.8,B
2021-06-11T13:49:36,7700.0,44.8,B
2021-06-11T13:49:36,500.0,44.75,S
2021-06-11T13:49:35,500.0,44.75,S
2021-06-11T13:49:34,400.0,44.75,S
2021-06-11T13:49:33,100.0,44.75,S
2021-06-11T13:49:31,500.0,44.75,S
2021-06-11T13:49:29,500.0,44.75,S
2021-06-11T13:49:25,400.0,44.75,S
2021-06-11T13:49:23,100.0,44.8,B
2021-06-11T13:49:23,500.0,44.75,S
2021-06-11T13:49:21,500.0,44.75,S
2021-06-11T13:49:19,1000.0,44.75,S
2021-06-11T13:49:18,500.0,44.75,S
2021-06-11T13:49:15,400.0,44.75,S
2021-06-11T13:49:13,500.0,44.75,S
2021-06-11T13:49:11,500.0,44.75,S
2021-06-11T13:49:08,500.0,44.75,S
2021-06-11T13:49:03,400.0,44.75,S
2021-06-11T13:49:03,100.0,44.75,S
2021-06-11T13:49:03,100.0,44.75,S
2021-06-11T13:49:03,400.0,44.75,S
2021-06-11T13:49:02,2000.0,44.8,B
2021-06-11T13:49:01,100.0,44.8,B
2021-06-11T13:48:59,500.0,44.75,S
2021-06-11T13:48:57,500.0,44.75,S
2021-06-11T13:48:56,1000.0,44.8,B
2021-06-11T13:48:53,400.0,44.75,S
2021-06-11T13:48:52,500.0,44.75,S
2021-06-11T13:48:50,500.0,44.75,S
2021-06-11T13:48:45,500.0,44.75,S
2021-06-11T13:48:44,400.0,44.75,S
2021-06-11T13:48:41,500.0,44.75,S
2021-06-11T13:48:39,500.0,44.75,S
2021-06-11T13:48:36,500.0,44.75,S
2021-06-11T13:48:33,400.0,44.75,S
2021-06-11T13:48:30,500.0,44.75,S
2021-06-11T13:48:29,500.0,44.75,S
2021-06-11T13:48:27,500.0,44.75,S
2021-06-11T13:48:26,3000.0,44.75,S
2021-06-11T13:48:25,400.0,44.75,S
2021-06-11T13:48:23,500.0,44.75,S
2021-06-11T13:48:22,200.0,44.8,B
2021-06-11T13:48:22,500.0,44.75,S
2021-06-11T13:48:19,400.0,44.75,S
2021-06-11T13:48:18,500.0,44.75,S
2021-06-11T13:48:17,5000.0,44.75,S
2021-06-11T13:48:17,100.0,44.75,S
2021-06-11T13:48:14,500.0,44.75,S
2021-06-11T13:48:13,4000.0,44.75,S
2021-06-11T13:48:12,500.0,44.75,S
2021-06-11T13:48:10,400.0,44.75,S
2021-06-11T13:48:07,500.0,44.75,S
2021-06-11T13:48:06,500.0,44.75,S
2021-06-11T13:48:04,500.0,44.75,S
2021-06-11T13:48:02,400.0,44.75,S
2021-06-11T13:47:59,500.0,44.75,S
2021-06-11T13:47:55,500.0,44.75,S
2021-06-11T13:47:50,500.0,44.75,S
2021-06-11T13:47:48,400.0,44.75,S
2021-06-11T13:47:48,500.0,44.75,S
2021-06-11T13:47:41,500.0,44.75,S
2021-06-11T13:47:40,2000.0,44.8,S
2021-06-11T13:47:37,500.0,44.8,S
2021-06-11T13:47:34,200.0,44.8,S
2021-06-11T13:47:33,14100.0,44.8,S
2021-06-11T13:47:30,500.0,44.8,S
2021-06-11T13:47:29,500.0,44.8,S
2021-06-11T13:47:25,500.0,44.8,S
2021-06-11T13:47:23,100.0,44.8,S
2021-06-11T13:47:23,500.0,44.8,S
2021-06-11T13:47:20,500.0,44.8,S
2021-06-11T13:47:16,500.0,44.8,S
2021-06-11T13:47:15,600.0,44.8,S
2021-06-11T13:47:15,300.0,44.8,S
2021-06-11T13:47:15,200.0,44.8,S
2021-06-11T13:47:11,500.0,44.8,S
2021-06-11T13:47:09,1700.0,44.8,S
2021-06-11T13:47:06,500.0,44.8,S
2021-06-11T13:47:03,500.0,44.8,S
2021-06-11T13:47:02,2700.0,44.8,S
2021-06-11T13:47:02,800.0,44.8,S
2021-06-11T13:47:02,6500.0,44.8,S
2021-06-11T13:47:02,500.0,44.8,S
2021-06-11T13:46:58,500.0,44.8,S
2021-06-11T13:46:56,500.0,44.8,S
2021-06-11T13:46:53,500.0,44.8,S
2021-06-11T13:46:51,500.0,44.8,S
2021-06-11T13:46:48,500.0,44.8,S
2021-06-11T13:46:47,4600.0,44.8,S
2021-06-11T13:46:46,500.0,44.8,S
2021-06-11T13:46:43,500.0,44.8,S
2021-06-11T13:46:41,500.0,44.8,S
2021-06-11T13:46:38,500.0,44.8,S
2021-06-11T13:46:35,500.0,44.8,S
2021-06-11T13:46:33,500.0,44.85,S
2021-06-11T13:46:33,500.0,44.85,S
2021-06-11T13:46:32,400.0,44.85,S
2021-06-11T13:46:29,500.0,44.85,S
2021-06-11T13:46:27,500.0,44.85,S
2021-06-11T13:46:26,900.0,44.9,S
2021-06-11T13:46:26,100.0,44.9,S
2021-06-11T13:46:26,200.0,44.9,S
2021-06-11T13:46:26,100.0,44.9,S
2021-06-11T13:46:26,600.0,44.9,S
2021-06-11T13:46:26,100.0,44.9,S
2021-06-11T13:46:26,3200.0,44.9,S
2021-06-11T13:46:26,1700.0,44.9,S
2021-06-11T13:46:26,100.0,44.9,S
2021-06-11T13:46:26,200.0,44.9,S
2021-06-11T13:46:26,18600.0,44.9,S
2021-06-11T13:46:24,500.0,44.9,S
2021-06-11T13:46:20,300.0,44.95,S
2021-06-11T13:46:20,200.0,44.95,S
2021-06-11T13:46:18,500.0,44.95,S
2021-06-11T13:46:15,500.0,44.95,S
2021-06-11T13:46:13,500.0,44.95,S
2021-06-11T13:46:10,500.0,44.95,S
2021-06-11T13:46:08,100.0,44.9,S
2021-06-11T13:46:08,400.0,44.95,S
2021-06-11T13:46:06,500.0,44.95,S
2021-06-11T13:46:05,500.0,44.95,S
2021-06-11T13:46:02,500.0,44.95,S
2021-06-11T13:46:02,100.0,44.95,S
2021-06-11T13:46:01,500.0,44.95,S
2021-06-11T13:45:57,500.0,44.95,S
2021-06-11T13:45:45,800.0,45.0,B
2021-06-11T13:45:41,200.0,44.9,S
2021-06-11T13:45:30,17600.0,45.0,B
2021-06-11T13:45:22,200.0,44.95,S
2021-06-11T13:45:08,3800.0,45.0,B
2021-06-11T13:44:59,500.0,44.95,S
2021-06-11T13:44:57,100.0,44.95,S
2021-06-11T13:44:49,500.0,45.0,B
2021-06-11T13:44:47,3000.0,44.9,S
2021-06-11T13:44:42,200.0,45.0,B
2021-06-11T13:44:37,10000.0,44.9,S
2021-06-11T13:44:37,200.0,45.0,B
2021-06-11T13:44:32,20000.0,45.0,B
2021-06-11T13:44:31,1000.0,44.95,S
2021-06-11T13:44:29,300.0,44.95,S
2021-06-11T13:44:28,5500.0,44.95,S
2021-06-11T13:44:27,1000.0,44.95,S
2021-06-11T13:44:24,5000.0,45.0,B
2021-06-11T13:44:23,1000.0,44.95,S
2021-06-11T13:44:07,17600.0,45.0,B
2021-06-11T13:44:02,3200.0,44.95,S
2021-06-11T13:44:02,500.0,44.95,S
2021-06-11T13:44:01,200.0,44.95,S
2021-06-11T13:44:01,1100.0,44.95,S
2021-06-11T13:43:52,2000.0,45.0,B
2021-06-11T13:43:43,400.0,44.95,S
2021-06-11T13:43:37,500.0,45.0,B
2021-06-11T13:43:33,500.0,45.0,B
2021-06-11T13:43:18,500.0,44.95,S
2021-06-11T13:43:08,500.0,45.0,S
2021-06-11T13:43:08,7000.0,45.0,S
2021-06-11T13:43:08,1800.0,45.0,S
2021-06-11T13:43:08,1200.0,45.0,S
2021-06-11T13:43:08,6100.0,45.0,S
2021-06-11T13:43:08,400.0,45.0,S
2021-06-11T13:43:08,800.0,45.0,S
2021-06-11T13:43:08,2900.0,45.0,S
2021-06-11T13:43:08,800.0,45.0,S
2021-06-11T13:43:08,1200.0,45.0,S
2021-06-11T13:43:08,44700.0,45.0,S
2021-06-11T13:43:08,1500.0,45.0,S
2021-06-11T13:43:07,2700.0,45.0,S
2021-06-11T13:43:07,500.0,45.0,S
2021-06-11T13:43:07,700.0,45.0,S
2021-06-11T13:43:07,700.0,45.0,S
2021-06-11T13:43:07,1000.0,45.0,S
2021-06-11T13:43:07,300.0,45.0,S
2021-06-11T13:43:07,200.0,45.0,S
2021-06-11T13:43:07,2200.0,45.0,S
2021-06-11T13:43:07,2500.0,45.0,S
2021-06-11T13:43:07,300.0,45.0,S
2021-06-11T13:43:07,1100.0,45.0,S
2021-06-11T13:43:07,800.0,45.0,S
2021-06-11T13:43:07,1700.0,45.0,S
2021-06-11T13:43:07,2100.0,45.0,S
2021-06-11T13:43:07,100.0,45.0,S
2021-06-11T13:43:07,6400.0,45.0,S
2021-06-11T13:43:07,700.0,45.0,S
2021-06-11T13:43:07,8700.0,45.0,S
2021-06-11T13:43:07,2300.0,45.0,S
2021-06-11T13:43:06,11100.0,45.0,S
2021-06-11T13:43:06,13500.0,45.0,S
2021-06-11T13:43:06,7800.0,45.05,S
2021-06-11T13:43:06,800.0,45.05,S
2021-06-11T13:43:06,300.0,45.05,S
2021-06-11T13:43:06,300.0,45.05,S
2021-06-11T13:43:06,10100.0,45.1,S
2021-06-11T13:43:06,10000.0,45.1,S
2021-06-11T13:43:04,7500.0,45.1,S
2021-06-11T13:43:03,100.0,45.1,S
2021-06-11T13:42:57,1200.0,45.1,S
2021-06-11T13:42:48,600.0,45.1,S
2021-06-11T13:42:46,2000.0,45.1,S
2021-06-11T13:42:38,200.0,45.1,S
2021-06-11T13:42:34,500.0,45.1,S
2021-06-11T13:42:19,1500.0,45.1,S
2021-06-11T13:42:14,5000.0,45.1,S
2021-06-11T13:42:05,300.0,45.1,S
2021-06-11T13:42:02,700.0,45.1,S
2021-06-11T13:42:00,2000.0,45.1,S
2021-06-11T13:41:55,7600.0,45.1,S
2021-06-11T13:41:37,1000.0,45.1,S
2021-06-11T13:41:28,100.0,45.15,B
2021-06-11T13:41:27,500.0,45.1,S
2021-06-11T13:41:23,2000.0,45.1,S
2021-06-11T13:41:22,100.0,45.1,S
2021-06-11T13:41:21,2000.0,45.1,S
2021-06-11T13:41:21,3000.0,45.1,S
2021-06-11T13:41:18,1000.0,45.1,S
2021-06-11T13:41:13,1000.0,45.1,S
2021-06-11T13:41:12,1000.0,45.1,S
2021-06-11T13:41:08,1000.0,45.1,S
2021-06-11T13:41:06,100.0,45.1,S
2021-06-11T13:41:03,6500.0,45.1,S
2021-06-11T13:40:57,3000.0,45.1,S
2021-06-11T13:40:53,500.0,45.1,S
2021-06-11T13:40:49,100.0,45.1,S
2021-06-11T13:40:46,500.0,45.1,S
2021-06-11T13:40:44,500.0,45.1,S
2021-06-11T13:40:44,500.0,45.1,S
2021-06-11T13:40:23,600.0,45.1,S
2021-06-11T13:40:13,4000.0,45.1,S
2021-06-11T13:40:05,500.0,45.1,S
2021-06-11T13:40:04,500.0,45.1,S
2021-06-11T13:39:56,3000.0,45.1,S
2021-06-11T13:39:53,500.0,45.1,S
2021-06-11T13:39:33,200.0,45.1,S
2021-06-11T13:39:33,500.0,45.1,S
2021-06-11T13:39:30,5000.0,45.1,S
2021-06-11T13:39:28,400.0,45.1,S
2021-06-11T13:39:28,2300.0,45.1,S
2021-06-11T13:39:22,100.0,45.1,S
2021-06-11T13:39:17,3300.0,45.1,S
2021-06-11T13:39:17,400.0,45.1,S
2021-06-11T13:39:16,300.0,45.1,S
2021-06-11T13:39:15,1000.0,45.1,S
2021-06-11T13:39:15,1000.0,45.1,S
2021-06-11T13:39:14,1000.0,45.1,S
2021-06-11T13:39:04,100.0,45.1,S
2021-06-11T13:39:02,100.0,45.1,S
2021-06-11T13:39:02,1200.0,45.15,B
2021-06-11T13:38:58,10000.0,45.1,S
2021-06-11T13:38:46,500.0,45.1,S
2021-06-11T13:38:42,100.0,45.1,S
2021-06-11T13:38:37,3000.0,45.1,S
2021-06-11T13:38:37,200.0,45.1,S
2021-06-11T13:38:33,500.0,45.1,S
2021-06-11T13:38:22,100.0,45.1,S
2021-06-11T13:38:17,1000.0,45.1,S
2021-06-11T13:38:10,1000.0,45.1,S
2021-06-11T13:38:09,1000.0,45.1,S
2021-06-11T13:37:53,1100.0,45.1,S
2021-06-11T13:37:53,1500.0,45.1,S
2021-06-11T13:37:53,5400.0,45.1,S
2021-06-11T13:37:35,200.0,45.1,S
2021-06-11T13:37:27,2000.0,45.1,S
2021-06-11T13:37:23,3000.0,45.1,S
2021-06-11T13:37:16,500.0,45.1,S
2021-06-11T13:37:11,2000.0,45.1,S
2021-06-11T13:37:01,1500.0,45.1,S
2021-06-11T13:37:00,4600.0,45.15,B
2021-06-11T13:37:00,400.0,45.15,B
2021-06-11T13:36:49,1000.0,45.1,S
2021-06-11T13:36:48,3200.0,45.1,S
2021-06-11T13:36:48,800.0,45.1,S
2021-06-11T13:36:48,4300.0,45.1,S
2021-06-11T13:36:44,300.0,45.1,S
2021-06-11T13:36:41,1000.0,45.1,S
2021-06-11T13:36:30,1000.0,45.1,S
2021-06-11T13:36:17,500.0,45.1,S
2021-06-11T13:36:14,700.0,45.15,B
2021-06-11T13:36:11,2000.0,45.1,S
2021-06-11T13:35:58,500.0,45.1,S
2021-06-11T13:35:46,1400.0,45.1,S
2021-06-11T13:35:45,2000.0,45.15,B
2021-06-11T13:35:30,5000.0,45.1,S
2021-06-11T13:35:30,400.0,45.1,S
2021-06-11T13:35:30,14600.0,45.1,S
2021-06-11T13:35:29,200.0,45.1,S
2021-06-11T13:35:29,600.0,45.1,S
2021-06-11T13:35:29,1300.0,45.1,S
2021-06-11T13:35:29,2900.0,45.1,S
2021-06-11T13:34:47,1000.0,45.1,S
2021-06-11T13:34:46,14700.0,45.1,S
2021-06-11T13:34:46,5300.0,45.1,S
2021-06-11T13:34:42,1000.0,45.15,B
2021-06-11T13:34:30,9400.0,45.15,B
2021-06-11T13:34:21,200.0,45.1,S
2021-06-11T13:34:14,2000.0,45.15,B
2021-06-11T13:34:09,200.0,45.1,S
2021-06-11T13:34:07,5200.0,45.15,B
2021-06-11T13:34:07,600.0,45.15,B
2021-06-11T13:34:07,100.0,45.15,B
2021-06-11T13:34:07,1600.0,45.15,B
2021-06-11T13:34:07,1000.0,45.15,B
2021-06-11T13:34:07,3500.0,45.15,B
2021-06-11T13:34:07,1000.0,45.15,B
2021-06-11T13:34:06,4600.0,45.15,B
2021-06-11T13:33:55,10000.0,45.15,B
2021-06-11T13:33:51,3000.0,45.1,S
2021-06-11T13:33:50,3000.0,45.1,S
2021-06-11T13:33:47,1000.0,45.1,S
2021-06-11T13:33:36,1000.0,45.1,S
2021-06-11T13:33:23,3000.0,45.1,S
2021-06-11T13:33:22,200.0,45.15,B
2021-06-11T13:33:19,300.0,45.1,S
2021-06-11T13:33:16,500.0,45.1,S
2021-06-11T13:33:14,12000.0,45.15,B
2021-06-11T13:33:06,500.0,45.1,S
2021-06-11T13:33:04,200.0,45.15,B
2021-06-11T13:33:03,500.0,45.1,S
2021-06-11T13:33:02,100.0,45.1,S
2021-06-11T13:33:01,5000.0,45.1,S
2021-06-11T13:32:53,1000.0,45.1,S
2021-06-11T13:32:49,200.0,45.1,S
2021-06-11T13:32:48,1000.0,45.1,S
2021-06-11T13:32:40,17500.0,45.15,B
2021-06-11T13:32:40,500.0,45.15,B
2021-06-11T13:32:38,100.0,45.1,S
2021-06-11T13:32:37,5000.0,45.1,S
2021-06-11T13:32:36,300.0,45.1,S
2021-06-11T13:32:36,100.0,45.1,S
2021-06-11T13:32:36,100.0,45.1,S
2021-06-11T13:32:34,200.0,45.15,B
2021-06-11T13:32:30,100.0,45.15,B
2021-06-11T13:32:20,2100.0,45.1,S
2021-06-11T13:32:18,1000.0,45.1,S
2021-06-11T13:32:09,500.0,45.15,B
2021-06-11T13:32:02,1000.0,45.1,S
2021-06-11T13:31:54,400.0,45.1,S
2021-06-11T13:31:48,1000.0,45.1,S
2021-06-11T13:31:46,8000.0,45.1,S
2021-06-11T13:31:44,2000.0,45.1,S
2021-06-11T13:31:39,1200.0,45.1,S
2021-06-11T13:31:32,100.0,45.1,S
2021-06-11T13:31:24,5000.0,45.1,S
2021-06-11T13:31:20,9700.0,45.15,B
2021-06-11T13:31:13,100.0,45.15,B
2021-06-11T13:31:12,1000.0,45.1,S
2021-06-11T13:31:03,10000.0,45.1,S
2021-06-11T13:31:03,100.0,45.1,S
2021-06-11T13:31:02,1000.0,45.1,S
2021-06-11T13:30:59,500.0,45.1,S
2021-06-11T13:30:55,1000.0,45.1,S
2021-06-11T13:30:55,4000.0,45.1,S
2021-06-11T13:30:53,1000.0,45.15,B
2021-06-11T13:30:51,3000.0,45.1,S
2021-06-11T13:30:47,1000.0,45.1,S
2021-06-11T13:30:41,2000.0,45.1,S
2021-06-11T13:30:37,1000.0,45.1,S
2021-06-11T13:30:32,1000.0,45.1,S
2021-06-11T13:30:28,12500.0,45.1,S
2021-06-11T13:30:27,800.0,45.1,S
2021-06-11T13:30:24,200.0,45.1,S
2021-06-11T13:30:07,9000.0,45.1,S
2021-06-11T13:30:04,2000.0,45.1,S
2021-06-11T13:30:00,1000.0,45.1,S
2021-06-11T13:29:53,100.0,45.1,S
2021-06-11T13:29:50,400.0,45.1,S
2021-06-11T13:29:46,500.0,45.15,B
2021-06-11T13:29:43,100.0,45.1,S
2021-06-11T13:29:37,2500.0,45.1,S
2021-06-11T13:29:34,1000.0,45.1,S
2021-06-11T13:29:26,4000.0,45.1,S
2021-06-11T13:29:26,1000.0,45.1,S
2021-06-11T13:29:16,1800.0,45.15,B
2021-06-11T13:29:16,2000.0,45.1,S
2021-06-11T13:29:07,1000.0,45.1,S
2021-06-11T13:29:04,2000.0,45.1,S
2021-06-11T13:29:01,1000.0,45.1,S
2021-06-11T13:29:00,3500.0,45.1,S
2021-06-11T13:28:58,1000.0,45.1,S
2021-06-11T13:28:52,1000.0,45.1,S
2021-06-11T13:28:39,500.0,45.1,S
2021-06-11T13:28:38,5000.0,45.15,B
2021-06-11T13:28:38,300.0,45.1,S
2021-06-11T13:28:37,2500.0,45.1,S
2021-06-11T13:28:36,2000.0,45.1,S
2021-06-11T13:28:34,100.0,45.1,S
2021-06-11T13:28:32,500.0,45.1,S
2021-06-11T13:28:25,3600.0,45.05,S
2021-06-11T13:28:19,10000.0,45.15,B
2021-06-11T13:28:15,1000.0,45.1,S
2021-06-11T13:28:08,1800.0,45.1,S
2021-06-11T13:28:05,5000.0,45.15,B
2021-06-11T13:28:00,500.0,45.1,S
2021-06-11T13:27:56,2100.0,45.1,S
2021-06-11T13:27:51,200.0,45.15,B
2021-06-11T13:27:36,300.0,45.15,S
2021-06-11T13:27:34,100.0,45.15,S
2021-06-11T13:27:33,2000.0,45.15,S
2021-06-11T13:27:32,10000.0,45.15,S
2021-06-11T13:27:30,1000.0,45.15,S
2021-06-11T13:27:18,100.0,45.1,S
2021-06-11T13:27:03,17600.0,45.15,S
2021-06-11T13:26:53,500.0,45.15,S
2021-06-11T13:26:21,200.0,45.15,S
2021-06-11T13:26:15,400.0,45.2,S
2021-06-11T13:26:01,10000.0,45.1,S
2021-06-11T13:25:58,100.0,45.2,S
2021-06-11T13:25:53,100.0,45.15,S
2021-06-11T13:25:50,2000.0,45.1,S
2021-06-11T13:25:44,2000.0,45.1,S
2021-06-11T13:25:40,1000.0,45.1,S
2021-06-11T13:25:19,100.0,45.1,S
2021-06-11T13:25:05,400.0,45.1,S
2021-06-11T13:25:02,1000.0,45.2,S
2021-06-11T13:24:54,5400.0,45.2,S
2021-06-11T13:24:51,4600.0,45.2,S
2021-06-11T13:24:45,2000.0,45.2,S
2021-06-11T13:24:43,6400.0,45.05,S
2021-06-11T13:24:43,1200.0,45.1,S
2021-06-11T13:24:43,2400.0,45.15,S
2021-06-11T13:24:38,200.0,45.2,S
2021-06-11T13:24:38,200.0,45.2,S
2021-06-11T13:24:30,400.0,45.2,S
2021-06-11T13:24:29,1000.0,45.2,S
2021-06-11T13:24:27,600.0,45.2,S
2021-06-11T13:24:18,2200.0,45.2,S
2021-06-11T13:24:18,500.0,45.2,S
2021-06-11T13:24:18,14900.0,45.2,S
2021-06-11T13:24:18,300.0,45.2,S
2021-06-11T13:24:09,300.0,45.2,S
2021-06-11T13:24:03,10000.0,45.2,S
2021-06-11T13:24:01,1100.0,45.2,S
2021-06-11T13:23:51,10000.0,45.2,S
2021-06-11T13:23:45,5000.0,45.2,S
2021-06-11T13:23:43,2000.0,45.15,S
2021-06-11T13:23:37,200.0,45.15,S
2021-06-11T13:23:32,100.0,45.2,S
2021-06-11T13:23:21,400.0,45.2,S
2021-06-11T13:23:18,300.0,45.2,S
2021-06-11T13:23:13,300.0,45.2,S
2021-06-11T13:23:10,1000.0,45.2,S
2021-06-11T13:23:08,1500.0,45.2,S
2021-06-11T13:22:57,17600.0,45.2,S
2021-06-11T13:22:55,300.0,45.2,S
2021-06-11T13:22:52,500.0,45.2,S
2021-06-11T13:22:52,1200.0,45.2,S
2021-06-11T13:22:41,2000.0,45.2,S
2021-06-11T13:22:40,1800.0,45.2,S
2021-06-11T13:22:38,100.0,45.2,S
2021-06-11T13:22:23,900.0,45.2,S
2021-06-11T13:22:07,100.0,45.2,S
2021-06-11T13:22:07,500.0,45.2,S
2021-06-11T13:21:50,100.0,45.25,B
2021-06-11T13:21:41,6100.0,45.0,S
2021-06-11T13:21:41,2300.0,45.0,S
2021-06-11T13:21:41,10000.0,45.05,S
2021-06-11T13:21:41,18600.0,45.05,S
2021-06-11T13:21:18,5200.0,45.2,S
2021-06-11T13:21:18,100.0,45.2,S
2021-06-11T13:21:18,100.0,45.2,S
2021-06-11T13:21:16,1000.0,45.2,S
2021-06-11T13:21:00,2000.0,45.2,S
2021-06-11T13:20:53,600.0,45.2,S
2021-06-11T13:20:52,200.0,45.25,B
2021-06-11T13:20:38,6400.0,45.05,S
2021-06-11T13:20:38,1100.0,45.1,S
2021-06-11T13:20:38,1200.0,45.1,S
2021-06-11T13:20:38,100.0,45.1,S
2021-06-11T13:20:38,10400.0,45.1,S
2021-06-11T13:20:38,12800.0,45.1,S
2021-06-11T13:20:38,300.0,45.1,S
2021-06-11T13:20:38,4200.0,45.15,S
2021-06-11T13:20:38,1200.0,45.15,S
2021-06-11T13:20:38,20200.0,45.15,S
2021-06-11T13:20:38,18800.0,45.15,S
2021-06-11T13:20:30,400.0,45.25,B
2021-06-11T13:20:29,500.0,45.2,S
2021-06-11T13:20:16,1000.0,45.2,S
2021-06-11T13:20:09,3000.0,45.2,S
2021-06-11T13:20:08,500.0,45.2,S
2021-06-11T13:20:05,1000.0,45.2,S
2021-06-11T13:20:03,100.0,45.2,S
2021-06-11T13:19:58,7600.0,45.2,S
2021-06-11T13:19:49,500.0,45.2,S
2021-06-11T13:19:45,100.0,45.2,S
2021-06-11T13:19:39,5000.0,45.2,S
2021-06-11T13:19:35,8000.0,45.2,S
2021-06-11T13:19:19,500.0,45.2,S
2021-06-11T13:19:15,200.0,45.15,S
2021-06-11T13:19:15,500.0,45.2,S
2021-06-11T13:19:14,1000.0,45.2,S
2021-06-11T13:19:05,100.0,45.2,S
2021-06-11T13:19:03,20000.0,45.2,S
2021-06-11T13:19:00,500.0,45.15,S
2021-06-11T13:18:57,20000.0,45.2,S
2021-06-11T13:18:57,200.0,45.2,S
2021-06-11T13:18:53,1000.0,45.2,S
2021-06-11T13:18:42,100.0,45.15,S
2021-06-11T13:18:37,18000.0,45.2,S
2021-06-11T13:18:36,100.0,45.2,S
2021-06-11T13:18:32,500.0,45.2,S
2021-06-11T13:18:28,2000.0,45.2,S
2021-06-11T13:18:27,2600.0,45.2,S
2021-06-11T13:18:27,2000.0,45.2,S
2021-06-11T13:18:06,500.0,45.2,S
2021-06-11T13:17:58,200.0,45.2,S
2021-06-11T13:17:57,200.0,45.2,S
2021-06-11T13:17:55,1000.0,45.2,S
2021-06-11T13:17:54,5700.0,45.2,S
2021-06-11T13:17:54,5700.0,45.2,S
2021-06-11T13:17:54,7300.0,45.2,S
2021-06-11T13:17:54,400.0,45.2,S
2021-06-11T13:17:54,9700.0,45.2,S
2021-06-11T13:17:48,300.0,45.2,S
2021-06-11T13:17:12,1000.0,45.2,B
2021-06-11T13:17:12,200.0,45.2,B
2021-06-11T13:17:12,1400.0,45.2,B
2021-06-11T13:17:12,1000.0,45.2,B
2021-06-11T13:17:08,300.0,45.2,B
2021-06-11T13:17:07,3000.0,45.2,B
2021-06-11T13:17:03,700.0,45.25,B
2021-06-11T13:16:51,7000.0,45.2,B
2021-06-11T13:16:35,1000.0,45.2,B
2021-06-11T13:16:32,10000.0,45.25,B
2021-06-11T13:16:07,5000.0,45.2,B
2021-06-11T13:16:01,5000.0,45.25,B
2021-06-11T13:15:50,100.0,45.2,B
2021-06-11T13:15:48,7600.0,45.2,B
2021-06-11T13:15:32,7000.0,45.2,B
2021-06-11T13:15:27,3200.0,45.25,B
2021-06-11T13:15:27,200.0,45.25,B
2021-06-11T13:15:26,100.0,45.25,B
2021-06-11T13:15:10,2000.0,45.2,B
2021-06-11T13:15:06,6000.0,45.2,B
2021-06-11T13:15:06,1600.0,45.2,B
2021-06-11T13:15:06,400.0,45.2,B
2021-06-11T13:15:06,1100.0,45.2,B
2021-06-11T13:15:06,700.0,45.2,B
2021-06-11T13:15:06,200.0,45.2,B
2021-06-11T13:15:06,600.0,45.2,B
2021-06-11T13:15:06,5400.0,45.2,B
2021-06-11T13:14:57,500.0,45.2,B
2021-06-11T13:14:52,300.0,45.1,S
2021-06-11T13:14:51,400.0,45.1,S
2021-06-11T13:14:49,200.0,45.1,S
2021-06-11T13:14:35,100.0,45.1,S
2021-06-11T13:14:23,100.0,45.05,S
2021-06-11T13:14:20,16300.0,45.2,B
2021-06-11T13:14:20,3700.0,45.1,S
2021-06-11T13:14:17,100.0,45.1,S
2021-06-11T13:14:16,200.0,45.1,S
2021-06-11T13:14:07,700.0,45.1,S
2021-06-11T13:14:05,2000.0,45.1,S
2021-06-11T13:14:02,1000.0,45.1,S
2021-06-11T13:13:40,700.0,45.1,S
2021-06-11T13:13:32,19900.0,45.1,S
2021-06-11T13:13:30,100.0,45.1,S
2021-06-11T13:13:29,1000.0,45.1,S
2021-06-11T13:13:28,1000.0,45.1,S
2021-06-11T13:13:25,10000.0,45.1,S
2021-06-11T13:13:12,5000.0,45.1,S
2021-06-11T13:13:08,200.0,45.1,S
2021-06-11T13:13:01,1300.0,45.1,S
2021-06-11T13:13:01,2100.0,45.1,S
2021-06-11T13:13:01,10900.0,45.1,S
2021-06-11T13:13:01,41400.0,45.1,S
2021-06-11T13:12:58,800.0,45.2,B
2021-06-11T13:12:56,500.0,45.15,S
2021-06-11T13:12:50,10000.0,45.2,B
2021-06-11T13:12:39,3600.0,45.15,B
2021-06-11T13:12:39,200.0,45.2,B
2021-06-11T13:12:36,1200.0,45.2,B
2021-06-11T13:12:33,1000.0,45.2,B
2021-06-11T13:12:30,5000.0,45.2,B
2021-06-11T13:12:20,100.0,45.2,B
2021-06-11T13:12:20,4900.0,45.2,B
2021-06-11T13:12:19,2000.0,45.2,B
2021-06-11T13:12:17,100.0,45.15,B
2021-06-11T13:12:12,2000.0,45.2,B
2021-06-11T13:12:09,400.0,45.2,B
2021-06-11T13:12:08,1000.0,45.2,B
2021-06-11T13:12:02,10000.0,45.2,B
2021-06-11T13:11:59,200.0,45.2,B
2021-06-11T13:11:49,600.0,45.2,B
2021-06-11T13:11:48,100.0,45.2,B
2021-06-11T13:11:42,5300.0,45.2,B
2021-06-11T13:11:24,400.0,45.2,B
2021-06-11T13:11:22,1500.0,45.2,B
2021-06-11T13:11:15,200.0,45.2,B
2021-06-11T13:11:15,500.0,45.2,B
2021-06-11T13:11:13,300.0,45.15,B
2021-06-11T13:11:12,3800.0,45.2,B
2021-06-11T13:11:12,300.0,45.2,B
2021-06-11T13:11:12,800.0,45.2,B
2021-06-11T13:10:52,100.0,45.2,B
2021-06-11T13:10:40,1300.0,45.15,B
2021-06-11T13:10:26,400.0,45.15,B
2021-06-11T13:10:26,400.0,45.15,B
2021-06-11T13:10:20,5000.0,45.15,B
2021-06-11T13:10:13,10000.0,45.15,B
2021-06-11T13:09:58,5000.0,45.15,B
2021-06-11T13:09:51,1300.0,45.1,B
2021-06-11T13:09:47,2000.0,45.1,B
2021-06-11T13:09:27,300.0,45.1,B
2021-06-11T13:09:26,600.0,45.1,B
2021-06-11T13:09:23,500.0,45.1,B
2021-06-11T13:09:19,600.0,45.05,B
2021-06-11T13:09:15,300.0,45.1,B
2021-06-11T13:09:05,900.0,45.1,B
2021-06-11T13:08:54,100.0,45.05,B
2021-06-11T13:08:44,300.0,45.05,B
2021-06-11T13:08:36,500.0,45.05,B
2021-06-11T13:08:33,200.0,45.1,B
2021-06-11T13:08:32,1000.0,45.1,B
2021-06-11T13:08:25,200.0,45.05,B
2021-06-11T13:08:25,2100.0,45.05,B
2021-06-11T13:08:20,1200.0,45.05,B
2021-06-11T13:08:06,100.0,45.0,S
2021-06-11T13:08:02,5000.0,45.05,B
2021-06-11T13:08:01,8000.0,45.0,S
2021-06-11T13:07:59,200.0,45.05,B
2021-06-11T13:07:58,100.0,45.0,S
2021-06-11T13:07:55,1000.0,45.0,S
2021-06-11T13:07:32,200.0,45.0,S
2021-06-11T13:07:32,200.0,45.0,S
2021-06-11T13:06:47,100.0,45.0,B
2021-06-11T13:06:41,300.0,45.0,B
2021-06-11T13:06:39,2600.0,44.95,S
2021-06-11T13:06:39,2400.0,45.0,B
2021-06-11T13:06:25,500.0,45.0,B
2021-06-11T13:06:20,100.0,45.05,B
2021-06-11T13:06:17,100.0,45.0,B
2021-06-11T13:06:13,400.0,45.0,B
2021-06-11T13:06:00,100.0,45.0,B
2021-06-11T13:05:57,1000.0,45.0,B
2021-06-11T13:05:29,1700.0,44.95,S
2021-06-11T13:05:29,1800.0,45.0,B
2021-06-11T13:05:29,4200.0,45.0,B
2021-06-11T13:05:28,1400.0,45.0,B
2021-06-11T13:05:28,2000.0,45.0,B
2021-06-11T13:05:27,1000.0,45.0,B
2021-06-11T13:05:25,1300.0,45.0,B
2021-06-11T13:05:14,500.0,45.0,B
2021-06-11T13:05:13,500.0,45.0,B
2021-06-11T13:05:09,21000.0,45.0,B
2021-06-11T13:05:07,600.0,45.0,B
2021-06-11T13:05:06,2000.0,45.0,B
2021-06-11T13:05:05,3000.0,45.0,B
2021-06-11T13:05:02,700.0,45.0,B
2021-06-11T13:05:00,1500.0,45.0,B
2021-06-11T13:04:50,100.0,45.0,B
2021-06-11T13:04:45,2000.0,45.0,B
2021-06-11T13:04:44,500.0,45.0,B
2021-06-11T13:04:36,500.0,45.0,B
2021-06-11T13:04:34,100.0,45.0,B
2021-06-11T13:04:17,33100.0,45.0,B
2021-06-11T11:30:12,100.0,45.0,B
2021-06-11T11:30:12,100.0,45.0,B
2021-06-11T11:29:59,1800.0,45.0,B
2021-06-11T11:29:55,6200.0,44.95,S
2021-06-11T11:29:55,100.0,44.95,S
2021-06-11T11:29:55,20100.0,44.95,S
2021-06-11T11:29:55,200.0,44.95,S
2021-06-11T11:29:55,8500.0,44.95,S
2021-06-11T11:29:49,10000.0,45.0,B
2021-06-11T11:29:40,1000.0,44.95,S
2021-06-11T11:29:40,1100.0,45.0,B
2021-06-11T11:29:27,200.0,45.0,B
2021-06-11T11:29:22,1000.0,44.95,S
2021-06-11T11:29:21,100.0,45.0,B
2021-06-11T11:29:09,1000.0,45.0,B
2021-06-11T11:29:08,400.0,45.0,B
2021-06-11T11:29:05,10000.0,45.0,B
2021-06-11T11:28:55,200.0,45.0,B
2021-06-11T11:28:53,6000.0,45.0,B
2021-06-11T11:28:53,10000.0,45.0,B
2021-06-11T11:28:52,100.0,44.95,S
2021-06-11T11:28:50,200.0,45.0,B
2021-06-11T11:28:26,100.0,45.0,S
2021-06-11T11:28:26,15200.0,45.0,S
2021-06-11T11:28:24,1000.0,45.0,S
2021-06-11T11:28:24,200.0,45.0,S
2021-06-11T11:28:21,2300.0,45.0,B
2021-06-11T11:28:21,200.0,45.0,B
2021-06-11T11:28:21,1600.0,45.0,B
2021-06-11T11:28:21,1100.0,45.0,B
2021-06-11T11:28:21,4700.0,45.0,B
2021-06-11T11:28:14,500.0,45.0,B
2021-06-11T11:28:09,1000.0,45.0,B
2021-06-11T11:28:09,4000.0,45.0,B
2021-06-11T11:28:09,300.0,45.0,B
2021-06-11T11:28:09,100.0,45.0,B
2021-06-11T11:28:08,400.0,44.95,S
2021-06-11T11:28:06,600.0,45.0,B
2021-06-11T11:28:04,100.0,45.0,B
2021-06-11T11:27:54,500.0,45.0,B
2021-06-11T11:27:53,2700.0,45.0,B
2021-06-11T11:27:53,100.0,44.95,S
2021-06-11T11:27:53,1100.0,44.95,S
2021-06-11T11:27:53,3700.0,44.95,S
2021-06-11T11:27:53,300.0,44.95,S
2021-06-11T11:27:52,300.0,44.95,S
2021-06-11T11:27:52,9500.0,44.95,S
2021-06-11T11:27:50,600.0,44.95,S
2021-06-11T11:27:50,200.0,45.0,B
2021-06-11T11:27:50,1000.0,45.0,B
2021-06-11T11:27:49,10000.0,45.0,B
2021-06-11T11:27:49,1000.0,45.0,B
2021-06-11T11:27:37,1000.0,45.0,B
2021-06-11T11:27:37,1000.0,45.0,B
2021-06-11T11:27:32,100.0,45.0,B
2021-06-11T11:27:29,500.0,45.0,B
2021-06-11T11:27:28,700.0,44.95,S
2021-06-11T11:27:27,2900.0,44.95,S
2021-06-11T11:27:22,50000.0,44.95,S
2021-06-11T11:27:19,7000.0,45.0,B
2021-06-11T11:27:14,200.0,45.0,B
2021-06-11T11:26:59,100.0,45.0,B
2021-06-11T11:26:55,2000.0,45.0,B
2021-06-11T11:26:54,500.0,45.0,B
2021-06-11T11:26:53,2000.0,45.0,B
2021-06-11T11:26:52,500.0,45.0,B
2021-06-11T11:26:49,100.0,44.95,S
2021-06-11T11:26:48,10000.0,45.0,B
2021-06-11T11:26:46,500.0,44.95,S
2021-06-11T11:26:44,10000.0,45.0,B
2021-06-11T11:26:38,300.0,44.95,S
2021-06-11T11:26:34,1000.0,45.0,B
2021-06-11T11:26:13,3000.0,45.0,B
2021-06-11T11:26:01,4000.0,45.0,B
2021-06-11T11:25:59,500.0,45.0,B
2021-06-11T11:25:59,500.0,45.0,B
2021-06-11T11:25:53,500.0,45.0,B
2021-06-11T11:25:49,100.0,45.0,B
2021-06-11T11:25:45,5000.0,44.95,S
2021-06-11T11:25:45,20000.0,45.0,B
2021-06-11T11:25:39,100.0,45.0,B
2021-06-11T11:25:31,100.0,45.0,B
2021-06-11T11:25:27,1000.0,44.95,S
2021-06-11T11:25:20,1000.0,45.0,B
2021-06-11T11:25:19,2000.0,44.95,S
2021-06-11T11:25:19,23000.0,45.0,B
2021-06-11T11:25:17,3000.0,44.95,S
2021-06-11T11:25:13,700.0,45.0,B
2021-06-11T11:25:13,1900.0,45.0,B
2021-06-11T11:25:08,100.0,44.95,S
2021-06-11T11:25:07,500.0,45.0,B
2021-06-11T11:24:58,1200.0,44.95,S
2021-06-11T11:24:56,200.0,45.0,B
2021-06-11T11:24:45,2000.0,45.0,B
2021-06-11T11:24:44,30000.0,45.0,B
2021-06-11T11:24:42,2000.0,45.0,B
2021-06-11T11:24:42,1000.0,45.0,B
2021-06-11T11:24:37,3600.0,45.0,B
2021-06-11T11:24:21,2000.0,45.0,B
2021-06-11T11:24:20,500.0,44.95,S
2021-06-11T11:24:19,2000.0,45.0,B
2021-06-11T11:24:02,1000.0,45.0,B
2021-06-11T11:24:00,1000.0,45.0,B
2021-06-11T11:23:55,10000.0,45.0,B
2021-06-11T11:23:50,600.0,45.0,B
2021-06-11T11:23:43,10000.0,45.0,B
2021-06-11T11:23:40,100.0,45.0,B
2021-06-11T11:23:37,20000.0,45.0,B
2021-06-11T11:23:17,400.0,45.0,B
2021-06-11T11:23:14,21200.0,45.0,B
2021-06-11T11:23:12,500.0,45.0,B
2021-06-11T11:23:08,100.0,44.95,S
2021-06-11T11:23:07,300.0,45.0,B
2021-06-11T11:23:07,4000.0,45.0,B
2021-06-11T11:23:07,5100.0,45.0,B
2021-06-11T11:23:06,600.0,45.0,B
2021-06-11T11:23:02,4300.0,45.0,B
2021-06-11T11:23:02,10000.0,45.0,B
2021-06-11T11:22:54,1000.0,45.0,B
2021-06-11T11:22:48,200.0,44.95,S
2021-06-11T11:22:47,100.0,45.0,B
2021-06-11T11:22:41,4000.0,45.0,B
2021-06-11T11:22:39,3000.0,45.0,B
2021-06-11T11:22:30,2000.0,45.0,B
2021-06-11T11:22:25,2000.0,45.0,B
2021-06-11T11:22:24,2100.0,45.0,B
2021-06-11T11:22:20,200.0,45.0,B
2021-06-11T11:22:19,1000.0,45.0,B
2021-06-11T11:22:13,12800.0,45.0,B
2021-06-11T11:22:11,1800.0,44.95,S
2021-06-11T11:22:09,100.0,45.0,B
2021-06-11T11:22:00,20000.0,45.0,B
2021-06-11T11:21:49,1000.0,45.0,S
2021-06-11T11:21:49,1200.0,45.0,S
2021-06-11T11:21:47,100.0,45.0,S
2021-06-11T11:21:46,3000.0,45.0,S
2021-06-11T11:21:46,3500.0,45.0,S
2021-06-11T11:21:45,1000.0,45.0,S
2021-06-11T11:21:43,1000.0,45.0,S
2021-06-11T11:21:41,1000.0,45.0,S
2021-06-11T11:21:40,2000.0,45.0,S
2021-06-11T11:21:40,500.0,45.0,S
2021-06-11T11:21:39,2000.0,45.0,S
2021-06-11T11:21:39,400.0,45.0,S
2021-06-11T11:21:39,3500.0,45.0,S
2021-06-11T11:21:39,7800.0,45.0,S
2021-06-11T11:21:39,22100.0,45.0,S
2021-06-11T11:21:39,2200.0,45.0,S
2021-06-11T11:21:39,21000.0,45.0,S
2021-06-11T11:21:39,21000.0,45.0,S
2021-06-11T11:21:39,3700.0,45.0,S
2021-06-11T11:21:39,12600.0,45.0,S
2021-06-11T11:21:31,3800.0,45.1,B
2021-06-11T11:21:31,200.0,45.05,S
2021-06-11T11:21:28,1000.0,45.05,S
2021-06-11T11:21:28,1000.0,45.05,S
2021-06-11T11:21:27,2800.0,45.05,S
2021-06-11T11:21:16,300.0,45.05,S
2021-06-11T11:21:13,200.0,45.05,S
2021-06-11T11:21:07,100.0,45.1,B
2021-06-11T11:21:03,3000.0,45.1,B
2021-06-11T11:21:03,500.0,45.05,S
2021-06-11T11:20:57,1000.0,45.05,S
2021-06-11T11:20:57,500.0,45.05,S
2021-06-11T11:20:55,100.0,45.1,B
2021-06-11T11:20:45,1800.0,45.05,B
2021-06-11T11:20:44,500.0,45.05,B
2021-06-11T11:20:39,100.0,45.05,B
2021-06-11T11:20:37,1000.0,45.05,B
2021-06-11T11:20:34,2000.0,45.05,B
2021-06-11T11:20:10,2000.0,45.05,B
2021-06-11T11:20:07,500.0,45.0,S
2021-06-11T11:20:03,2500.0,45.0,S
2021-06-11T11:20:00,400.0,45.05,B
2021-06-11T11:19:59,2000.0,45.05,B
2021-06-11T11:19:53,1000.0,45.05,B
2021-06-11T11:19:49,500.0,45.0,B
2021-06-11T11:19:48,400.0,45.0,B
2021-06-11T11:19:41,200.0,45.05,B
2021-06-11T11:19:39,100.0,45.0,B
2021-06-11T11:19:39,500.0,45.0,B
2021-06-11T11:19:33,3400.0,45.0,B
2021-06-11T11:19:30,100.0,45.0,B
2021-06-11T11:19:26,4200.0,45.0,B
2021-06-11T11:19:24,2400.0,45.0,B
2021-06-11T11:19:22,200.0,45.0,B
2021-06-11T11:19:21,10000.0,45.0,B
2021-06-11T11:19:19,11000.0,45.0,B
2021-06-11T11:19:17,100.0,45.0,B
2021-06-11T11:19:14,1000.0,45.0,B
2021-06-11T11:19:14,10000.0,45.0,B
2021-06-11T11:19:09,3000.0,45.0,B
2021-06-11T11:19:04,3900.0,45.0,S
2021-06-11T11:19:00,300.0,45.0,S
2021-06-11T11:18:54,5000.0,45.0,S
2021-06-11T11:18:52,200.0,45.0,S
2021-06-11T11:18:52,100.0,45.0,S
2021-06-11T11:18:52,1000.0,45.0,S
2021-06-11T11:18:47,100.0,45.0,S
2021-06-11T11:18:39,5000.0,45.0,S
2021-06-11T11:18:39,1000.0,45.0,S
2021-06-11T11:18:28,5000.0,45.0,S
2021-06-11T11:18:28,13100.0,45.0,S
2021-06-11T11:18:28,2000.0,45.0,S
2021-06-11T11:18:28,27200.0,45.0,S
2021-06-11T11:18:26,100.0,45.0,S
2021-06-11T11:18:20,500.0,45.0,S
2021-06-11T11:18:19,10000.0,45.0,S
2021-06-11T11:18:10,400.0,45.0,B
2021-06-11T11:18:08,3000.0,45.0,B
2021-06-11T11:18:07,100.0,45.0,B
2021-06-11T11:18:05,100.0,45.0,B
2021-06-11T11:18:05,500.0,45.0,B
2021-06-11T11:18:04,2600.0,45.0,B
2021-06-11T11:18:02,100.0,44.95,S
2021-06-11T11:17:58,6500.0,45.0,B
2021-06-11T11:17:58,1300.0,45.0,B
2021-06-11T11:17:58,2500.0,45.0,B
2021-06-11T11:17:58,7400.0,45.0,B
2021-06-11T11:17:58,7300.0,45.0,B
2021-06-11T11:17:56,5000.0,45.0,B
2021-06-11T11:17:53,800.0,45.0,B
2021-06-11T11:17:51,500.0,44.95,S
2021-06-11T11:17:51,1500.0,45.0,B
2021-06-11T11:17:49,2400.0,45.0,B
2021-06-11T11:17:49,5100.0,45.0,B
2021-06-11T11:17:49,900.0,45.0,B
2021-06-11T11:17:49,1600.0,45.0,B
2021-06-11T11:17:47,5000.0,45.0,B
2021-06-11T11:17:47,100.0,45.0,B
2021-06-11T11:17:47,500.0,45.0,B
2021-06-11T11:17:46,500.0,45.0,B
2021-06-11T11:17:44,3900.0,45.0,B
2021-06-11T11:17:44,10000.0,45.0,B
2021-06-11T11:17:42,2500.0,45.0,B
2021-06-11T11:17:42,100.0,45.0,B
2021-06-11T11:17:42,500.0,45.0,B
2021-06-11T11:17:42,1900.0,45.0,B
2021-06-11T11:17:42,1800.0,45.0,B
2021-06-11T11:17:38,4600.0,45.0,B
2021-06-11T11:17:38,200.0,45.0,B
2021-06-11T11:17:38,200.0,45.0,B
2021-06-11T11:17:34,300.0,45.0,B
2021-06-11T11:17:30,3000.0,45.0,B
2021-06-11T11:17:29,7200.0,45.0,B
2021-06-11T11:17:29,200.0,45.0,B
2021-06-11T11:17:29,7300.0,45.0,B
2021-06-11T11:17:29,3300.0,45.0,B
2021-06-11T11:17:29,1500.0,45.0,B
2021-06-11T11:17:28,5500.0,45.0,B
2021-06-11T11:17:16,1100.0,45.0,B
2021-06-11T11:17:16,2300.0,45.0,B
2021-06-11T11:17:16,100.0,45.0,B
2021-06-11T11:17:16,3200.0,45.0,B
2021-06-11T11:17:16,400.0,45.0,B
2021-06-11T11:17:16,3400.0,45.0,B
2021-06-11T11:17:16,1700.0,45.0,B
2021-06-11T11:17:16,900.0,45.0,B
2021-06-11T11:17:16,6900.0,45.0,B
2021-06-11T11:17:13,400.0,45.0,B
2021-06-11T11:17:13,2600.0,45.0,B
2021-06-11T11:17:13,7000.0,45.0,B
2021-06-11T11:17:07,3100.0,45.0,B
2021-06-11T11:17:07,4700.0,45.0,B
2021-06-11T11:17:07,200.0,45.0,B
2021-06-11T11:17:07,600.0,45.0,B
2021-06-11T11:17:07,1400.0,45.0,B
2021-06-11T11:17:05,500.0,45.0,B
2021-06-11T11:17:01,2000.0,44.95,B
2021-06-11T11:17:01,100.0,45.0,B
2021-06-11T11:17:00,9900.0,45.0,B
2021-06-11T11:17:00,500.0,44.95,B
2021-06-11T11:16:53,3000.0,45.0,B
2021-06-11T11:16:53,2200.0,45.0,B
2021-06-11T11:16:53,1000.0,45.0,B
2021-06-11T11:16:53,700.0,45.0,B
2021-06-11T11:16:53,3100.0,44.95,B
2021-06-11T11:16:48,1000.0,44.9,S
2021-06-11T11:16:44,3000.0,44.95,B
2021-06-11T11:16:41,1000.0,44.95,B
2021-06-11T11:16:37,500.0,44.9,S
2021-06-11T11:16:34,3200.0,44.95,B
2021-06-11T11:16:34,100.0,44.95,B
2021-06-11T11:16:34,1000.0,44.95,B
2021-06-11T11:16:34,700.0,44.95,B
2021-06-11T11:16:15,6200.0,44.9,B
2021-06-11T11:16:04,500.0,44.9,B
2021-06-11T11:16:00,5000.0,44.9,B
2021-06-11T11:15:58,300.0,44.9,B
2021-06-11T11:15:58,1900.0,44.9,B
2021-06-11T11:15:58,600.0,44.9,B
2021-06-11T11:15:57,17200.0,44.9,B
2021-06-11T11:15:38,2000.0,44.85,B
2021-06-11T11:15:33,500.0,44.85,B
2021-06-11T11:15:30,500.0,44.85,B
2021-06-11T11:15:26,200.0,44.85,B
2021-06-11T11:15:11,200.0,44.85,B
2021-06-11T11:15:06,300.0,44.8,B
2021-06-11T11:15:04,200.0,44.8,B
2021-06-11T11:15:01,900.0,44.8,B
2021-06-11T11:15:01,200.0,44.8,B
2021-06-11T11:15:01,1100.0,44.8,B
2021-06-11T11:15:01,400.0,44.8,B
2021-06-11T11:15:01,2300.0,44.8,B
2021-06-11T11:15:01,5000.0,44.8,B
2021-06-11T11:14:53,5000.0,44.8,B
2021-06-11T11:14:52,1000.0,44.8,B
2021-06-11T11:14:51,800.0,44.8,B
2021-06-11T11:14:50,1500.0,44.8,B
2021-06-11T11:14:47,1000.0,44.8,B
2021-06-11T11:14:43,700.0,44.75,S
2021-06-11T11:14:30,500.0,44.8,B
2021-06-11T11:14:27,1200.0,44.8,B
2021-06-11T11:14:22,100.0,44.8,B
2021-06-11T11:14:22,2000.0,44.8,B
2021-06-11T11:14:11,1600.0,44.75,S
2021-06-11T11:14:07,2000.0,44.75,S
2021-06-11T11:14:05,4400.0,44.75,S
2021-06-11T11:14:04,1000.0,44.75,S
2021-06-11T11:14:02,300.0,44.75,S
2021-06-11T11:13:55,500.0,44.75,S
2021-06-11T11:13:55,1600.0,44.75,S
2021-06-11T11:13:49,50000.0,44.8,B
2021-06-11T11:13:47,3600.0,44.75,S
2021-06-11T11:13:46,100.0,44.75,S
2021-06-11T11:13:46,3700.0,44.75,S
2021-06-11T11:13:32,2000.0,44.75,B
2021-06-11T11:13:26,300.0,44.75,B
2021-06-11T11:13:26,1000.0,44.75,B
2021-06-11T11:13:09,1000.0,44.75,B
2021-06-11T11:12:59,1000.0,44.75,B
2021-06-11T11:12:52,500.0,44.75,B
2021-06-11T11:12:49,100.0,44.7,S
2021-06-11T11:12:31,200.0,44.7,B
2021-06-11T11:12:27,800.0,44.7,S
2021-06-11T11:12:27,2000.0,44.75,B
2021-06-11T11:12:18,2000.0,44.7,S
2021-06-11T11:12:05,500.0,44.7,S
2021-06-11T11:11:55,1500.0,44.7,B
2021-06-11T11:11:55,5600.0,44.7,B
2021-06-11T11:11:49,100.0,44.6,B
2021-06-11T11:11:33,6700.0,44.6,B
2021-06-11T11:11:29,1000.0,44.6,B
2021-06-11T11:11:26,800.0,44.6,B
2021-06-11T11:11:03,5000.0,44.6,B
2021-06-11T11:10:59,5600.0,44.6,B
2021-06-11T11:10:57,200.0,44.6,B
2021-06-11T11:10:57,1100.0,44.6,B
2021-06-11T11:10:33,100.0,44.6,B
2021-06-11T11:10:26,100.0,44.6,B
2021-06-11T11:10:20,500.0,44.6,B
2021-06-11T11:10:15,100.0,44.6,B
2021-06-11T11:10:09,100.0,44.6,B
2021-06-11T11:10:06,300.0,44.6,B
2021-06-11T11:09:49,1000.0,44.6,B
2021-06-11T11:09:41,200.0,44.55,S
2021-06-11T11:09:36,100.0,44.55,S
2021-06-11T11:09:30,600.0,44.6,B
2021-06-11T11:09:02,1000.0,44.55,S
2021-06-11T11:08:59,500.0,44.55,S
2021-06-11T11:08:58,1000.0,44.55,S
2021-06-11T11:08:40,700.0,44.55,S
2021-06-11T11:08:29,100.0,44.55,S
2021-06-11T11:08:17,100.0,44.55,S
2021-06-11T11:08:07,400.0,44.55,S
2021-06-11T11:08:07,1400.0,44.55,S
2021-06-11T11:08:01,400.0,44.55,B
2021-06-11T11:07:51,200.0,44.55,B
2021-06-11T11:07:41,100.0,44.55,B
2021-06-11T11:07:27,100.0,44.55,B
2021-06-11T11:07:25,100.0,44.55,B
2021-06-11T11:07:21,100.0,44.5,B
2021-06-11T11:07:09,1000.0,44.5,B
2021-06-11T11:06:51,5000.0,44.5,B
2021-06-11T11:06:51,100.0,44.45,S
2021-06-11T11:06:22,1000.0,44.45,S
2021-06-11T11:06:17,4000.0,44.5,B
2021-06-11T11:06:13,500.0,44.5,B
2021-06-11T11:06:09,500.0,44.45,S
2021-06-11T11:06:00,100.0,44.5,B
2021-06-11T11:05:59,1000.0,44.45,S
2021-06-11T11:05:50,300.0,44.45,S
2021-06-11T11:05:47,1000.0,44.5,B
2021-06-11T11:05:44,200.0,44.45,S
2021-06-11T11:05:38,100.0,44.5,B
2021-06-11T11:05:36,1000.0,44.5,B
2021-06-11T11:05:36,100.0,44.5,B
2021-06-11T11:05:26,100.0,44.5,B
2021-06-11T11:05:09,1000.0,44.5,S
2021-06-11T11:05:06,100.0,44.5,S
2021-06-11T11:05:04,2000.0,44.5,S
2021-06-11T11:04:58,1100.0,44.5,S
2021-06-11T11:04:40,800.0,44.5,B
2021-06-11T11:04:30,1000.0,44.5,B
2021-06-11T11:04:22,500.0,44.5,B
2021-06-11T11:04:04,100.0,44.45,B
2021-06-11T11:04:00,200.0,44.45,B
2021-06-11T11:03:57,2000.0,44.45,B
2021-06-11T11:03:53,100.0,44.4,S
2021-06-11T11:03:49,1000.0,44.45,B
2021-06-11T11:03:45,1000.0,44.45,B
2021-06-11T11:03:34,2000.0,44.45,B
2021-06-11T11:03:31,100.0,44.4,S
2021-06-11T11:03:07,300.0,44.45,B
2021-06-11T11:03:02,5000.0,44.4,S
2021-06-11T11:02:57,200.0,44.4,S
2021-06-11T11:02:56,100.0,44.4,S
2021-06-11T11:02:50,500.0,44.4,S
2021-06-11T11:02:42,1000.0,44.4,S
2021-06-11T11:02:42,200.0,44.4,S
2021-06-11T11:02:42,1100.0,44.4,S
2021-06-11T11:02:42,2700.0,44.4,S
2021-06-11T11:02:36,7000.0,44.4,S
2021-06-11T11:02:30,3000.0,44.4,S
2021-06-11T11:02:30,600.0,44.4,S
2021-06-11T11:02:25,2000.0,44.4,S
2021-06-11T11:02:23,800.0,44.4,S
2021-06-11T11:02:17,100.0,44.4,S
2021-06-11T11:02:15,4000.0,44.4,S
2021-06-11T11:02:13,1000.0,44.4,S
2021-06-11T11:02:08,1000.0,44.4,S
2021-06-11T11:01:39,200.0,44.4,S
2021-06-11T11:01:33,5000.0,44.5,S
2021-06-11T11:01:33,10000.0,44.5,S
2021-06-11T11:01:33,3800.0,44.5,S
2021-06-11T11:01:32,2000.0,44.5,S
2021-06-11T11:01:22,500.0,44.55,S
2021-06-11T11:01:17,500.0,44.55,S
2021-06-11T11:00:51,200.0,44.6,S
2021-06-11T11:00:41,1000.0,44.6,S
2021-06-11T11:00:36,100.0,44.6,S
2021-06-11T11:00:27,100.0,44.6,S
2021-06-11T11:00:21,500.0,44.6,S
2021-06-11T11:00:20,200.0,44.6,S
2021-06-11T11:00:13,1100.0,44.6,S
2021-06-11T11:00:13,1200.0,44.55,S
2021-06-11T11:00:09,300.0,44.55,S
2021-06-11T11:00:09,300.0,44.55,S
2021-06-11T11:00:09,200.0,44.55,S
2021-06-11T11:00:09,3000.0,44.55,S
2021-06-11T11:00:02,1200.0,44.6,S
2021-06-11T11:00:02,200.0,44.6,S
2021-06-11T10:59:52,800.0,44.6,S
2021-06-11T10:59:49,100.0,44.6,S
2021-06-11T10:59:39,100.0,44.7,S
2021-06-11T10:59:35,1000.0,44.6,S
2021-06-11T10:59:32,500.0,44.7,S
2021-06-11T10:59:31,1300.0,44.7,S
2021-06-11T10:59:30,100.0,44.7,S
2021-06-11T10:59:25,1300.0,44.6,S
2021-06-11T10:59:25,1700.0,44.6,S
2021-06-11T10:59:25,1000.0,44.6,S
2021-06-11T10:59:25,300.0,44.6,S
2021-06-11T10:59:25,4300.0,44.6,S
2021-06-11T10:59:25,1300.0,44.65,S
2021-06-11T10:59:25,100.0,44.65,S
2021-06-11T10:59:16,15000.0,44.8,B
2021-06-11T10:59:07,4000.0,44.7,S
2021-06-11T10:59:01,100.0,44.7,S
2021-06-11T10:58:57,21000.0,44.8,B
2021-06-11T10:58:55,1000.0,44.8,B
2021-06-11T10:58:36,2300.0,44.8,S
2021-06-11T10:58:36,3200.0,44.8,S
2021-06-11T10:58:33,100.0,44.9,S
2021-06-11T10:58:22,3600.0,44.8,S
2021-06-11T10:58:18,500.0,44.9,S
2021-06-11T10:58:14,500.0,44.9,S
2021-06-11T10:58:04,26100.0,44.9,S
2021-06-11T10:58:04,1000.0,44.9,S
2021-06-11T10:58:03,5100.0,44.9,S
2021-06-11T10:58:02,300.0,44.9,S
2021-06-11T10:58:01,300.0,44.9,S
2021-06-11T10:58:01,3000.0,44.9,S
2021-06-11T10:57:58,500.0,44.9,S
2021-06-11T10:57:53,5000.0,44.9,S
2021-06-11T10:57:53,5000.0,44.9,S
2021-06-11T10:57:49,600.0,44.9,S
2021-06-11T10:57:43,100.0,44.9,S
2021-06-11T10:57:38,4000.0,44.9,S
2021-06-11T10:57:37,2000.0,44.95,S
2021-06-11T10:57:35,1000.0,44.95,S
2021-06-11T10:57:30,1000.0,44.9,S
2021-06-11T10:57:18,200.0,44.95,S
2021-06-11T10:57:15,300.0,44.95,S
2021-06-11T10:57:13,5000.0,44.9,S
2021-06-11T10:57:12,200.0,44.95,S
2021-06-11T10:57:11,4500.0,44.95,S
2021-06-11T10:57:06,300.0,44.95,S
2021-06-11T10:57:06,600.0,44.95,S
2021-06-11T10:57:05,2000.0,44.95,S
2021-06-11T10:57:03,5000.0,44.95,S
2021-06-11T10:56:52,800.0,45.0,B
2021-06-11T10:56:51,2200.0,45.0,B
2021-06-11T10:56:51,1300.0,44.95,S
2021-06-11T10:56:51,700.0,44.95,S
2021-06-11T10:56:48,5000.0,44.95,S
2021-06-11T10:56:46,400.0,44.95,S
2021-06-11T10:56:39,5000.0,44.95,S
2021-06-11T10:56:37,200.0,45.0,B
2021-06-11T10:56:34,300.0,44.95,S
2021-06-11T10:56:30,8000.0,44.9,S
2021-06-11T10:56:30,2000.0,44.9,S
2021-06-11T10:56:18,500.0,44.95,S
2021-06-11T10:56:12,100.0,45.0,B
2021-06-11T10:56:12,2000.0,44.9,S
2021-06-11T10:56:11,100.0,45.0,B
2021-06-11T10:56:09,300.0,44.95,S
2021-06-11T10:55:58,5000.0,45.0,B
2021-06-11T10:55:56,300.0,45.0,B
2021-06-11T10:55:55,1000.0,45.0,B
2021-06-11T10:55:45,700.0,45.0,B
2021-06-11T10:55:43,200.0,45.0,B
2021-06-11T10:55:42,200.0,44.95,B
2021-06-11T10:55:19,2000.0,45.0,B
2021-06-11T10:55:17,1700.0,45.0,B
2021-06-11T10:55:13,400.0,45.0,B
2021-06-11T10:55:06,1000.0,45.0,B
2021-06-11T10:55:02,500.0,44.95,B
2021-06-11T10:55:02,800.0,44.95,B
2021-06-11T10:55:02,500.0,44.95,B
2021-06-11T10:54:57,200.0,45.0,B
2021-06-11T10:54:41,1000.0,45.0,B
2021-06-11T10:54:37,100.0,44.9,S
2021-06-11T10:54:36,2000.0,45.0,B
2021-06-11T10:54:32,100.0,44.9,S
2021-06-11T10:54:31,11000.0,45.0,B
2021-06-11T10:54:21,2000.0,45.0,B
2021-06-11T10:54:13,2000.0,44.9,B
2021-06-11T10:54:12,3000.0,44.95,B
2021-06-11T10:54:10,2000.0,44.95,B
2021-06-11T10:54:09,500.0,44.9,B
2021-06-11T10:54:08,2000.0,44.95,B
2021-06-11T10:54:06,1000.0,44.95,B
2021-06-11T10:53:59,200.0,44.9,B
2021-06-11T10:53:58,2000.0,45.0,B
2021-06-11T10:53:45,1000.0,44.9,B
2021-06-11T10:53:44,100.0,44.9,B
2021-06-11T10:53:43,1300.0,45.0,B
2021-06-11T10:53:43,300.0,45.0,B
2021-06-11T10:53:43,400.0,45.0,B
2021-06-11T10:53:32,100.0,44.9,B
2021-06-11T10:53:30,200.0,44.8,B
2021-06-11T10:53:28,2000.0,45.0,B
2021-06-11T10:53:27,900.0,44.9,B
2021-06-11T10:53:26,100.0,44.9,B
2021-06-11T10:53:24,100.0,44.9,B
2021-06-11T10:53:23,100.0,44.9,B
2021-06-11T10:53:18,100.0,44.9,B
2021-06-11T10:53:16,2100.0,45.0,B
2021-06-11T10:53:16,2200.0,45.0,B
2021-06-11T10:53:16,300.0,45.0,B
2021-06-11T10:53:16,17400.0,45.0,B
2021-06-11T10:53:14,3500.0,44.9,B
2021-06-11T10:53:10,100.0,44.9,B
2021-06-11T10:52:56,5000.0,44.9,B
2021-06-11T10:52:53,2000.0,44.9,B
2021-06-11T10:52:46,2000.0,44.9,B
2021-06-11T10:52:37,100.0,44.9,B
2021-06-11T10:52:36,100.0,44.9,B
2021-06-11T10:52:35,200.0,44.9,B
2021-06-11T10:52:33,400.0,44.95,B
2021-06-11T10:52:29,4000.0,44.9,B
2021-06-11T10:52:20,100.0,44.9,B
2021-06-11T10:52:20,2100.0,44.9,B
2021-06-11T10:52:20,1900.0,44.9,B
2021-06-11T10:52:20,8500.0,44.9,B
2021-06-11T10:52:11,100.0,44.8,B
2021-06-11T10:52:08,500.0,44.8,B
2021-06-11T10:52:07,500.0,44.8,B
2021-06-11T10:52:05,700.0,44.8,B
2021-06-11T10:52:02,1200.0,44.8,B
2021-06-11T10:51:59,1000.0,44.85,B
2021-06-11T10:51:58,200.0,44.8,B
2021-06-11T10:51:55,1000.0,44.8,B
2021-06-11T10:51:54,200.0,44.8,B
2021-06-11T10:51:54,400.0,44.8,B
2021-06-11T10:51:54,3000.0,44.8,B
2021-06-11T10:51:54,11200.0,44.8,B
2021-06-11T10:51:54,1000.0,44.8,B
2021-06-11T10:51:54,6500.0,44.8,B
2021-06-11T10:51:53,3000.0,44.7,B
2021-06-11T10:51:49,300.0,44.75,B
2021-06-11T10:51:48,3000.0,44.7,B
2021-06-11T10:51:46,200.0,44.75,B
2021-06-11T10:51:40,700.0,44.7,B
2021-06-11T10:51:39,1300.0,44.7,B
2021-06-11T10:51:31,100.0,44.7,B
2021-06-11T10:51:25,100.0,44.7,B
2021-06-11T10:51:14,700.0,44.65,S
2021-06-11T10:51:05,1900.0,44.7,B
2021-06-11T10:51:02,1000.0,44.7,B
2021-06-11T10:51:00,1700.0,44.7,B
2021-06-11T10:50:56,500.0,44.65,S
2021-06-11T10:50:55,500.0,44.65,S
2021-06-11T10:50:54,30000.0,44.7,B
2021-06-11T10:50:47,700.0,44.65,S
2021-06-11T10:50:40,2000.0,44.7,B
2021-06-11T10:50:37,200.0,44.65,S
2021-06-11T10:50:26,3000.0,44.65,S
2021-06-11T10:50:25,2000.0,44.7,B
2021-06-11T10:50:23,1300.0,44.7,B
2021-06-11T10:50:21,200.0,44.7,B
2021-06-11T10:50:17,500.0,44.65,S
2021-06-11T10:50:11,200.0,44.65,S
2021-06-11T10:50:10,600.0,44.65,S
2021-06-11T10:50:07,2500.0,44.7,B
2021-06-11T10:49:56,200.0,44.6,S
2021-06-11T10:49:53,800.0,44.6,S
2021-06-11T10:49:48,300.0,44.65,S
2021-06-11T10:49:27,600.0,44.6,S
2021-06-11T10:49:27,100.0,44.6,S
2021-06-11T10:49:25,6000.0,44.7,B
2021-06-11T10:49:20,3000.0,44.6,S
2021-06-11T10:49:03,200.0,44.6,S
2021-06-11T10:49:03,300.0,44.6,S
2021-06-11T10:49:02,1400.0,44.6,S
2021-06-11T10:48:56,700.0,44.6,S
2021-06-11T10:48:37,300.0,44.6,S
2021-06-11T10:48:00,600.0,44.6,B
2021-06-11T10:48:00,800.0,44.55,B
2021-06-11T10:47:48,300.0,44.6,B
2021-06-11T10:47:45,200.0,44.6,B
2021-06-11T10:47:44,1000.0,44.6,B
2021-06-11T10:47:24,10000.0,44.75,B
2021-06-11T10:47:22,500.0,44.5,S
2021-06-11T10:47:22,400.0,44.7,B
2021-06-11T10:47:22,5000.0,44.65,B
2021-06-11T10:47:22,1200.0,44.6,B
2021-06-11T10:47:22,5100.0,44.6,B
2021-06-11T10:47:22,8300.0,44.6,B
2021-06-11T10:47:20,2000.0,44.55,B
2021-06-11T10:47:13,300.0,44.55,B
2021-06-11T10:46:50,100.0,44.5,B
2021-06-11T10:46:46,3000.0,44.5,B
2021-06-11T10:46:38,100.0,44.5,B
2021-06-11T10:46:38,900.0,44.5,B
2021-06-11T10:46:27,100.0,44.5,B
2021-06-11T10:46:26,9000.0,44.5,B
2021-06-11T10:46:23,200.0,44.5,B
2021-06-11T10:46:04,800.0,44.5,B
2021-06-11T10:46:03,2200.0,44.5,B
2021-06-11T10:46:01,500.0,44.5,B
2021-06-11T10:46:00,5000.0,44.5,B
2021-06-11T10:45:50,24600.0,44.5,B
2021-06-11T10:45:50,500.0,44.5,B
2021-06-11T10:45:50,4900.0,44.5,B
2021-06-11T10:45:41,1000.0,44.45,S
2021-06-11T10:45:40,5000.0,44.45,S
2021-06-11T10:45:35,100.0,44.45,S
2021-06-11T10:45:34,1000.0,44.45,S
2021-06-11T10:45:15,1000.0,44.45,S
2021-06-11T10:45:12,200.0,44.4,S
2021-06-11T10:45:11,500.0,44.4,S
2021-06-11T10:44:59,100.0,44.4,S
2021-06-11T10:44:57,9100.0,44.5,B
2021-06-11T10:44:57,1200.0,44.5,B
2021-06-11T10:44:57,1300.0,44.5,B
2021-06-11T10:44:57,15600.0,44.5,B
2021-06-11T10:44:57,2000.0,44.5,B
2021-06-11T10:44:57,500.0,44.5,B
2021-06-11T10:44:57,6000.0,44.5,B
2021-06-11T10:44:56,500.0,44.5,B
2021-06-11T10:44:56,7800.0,44.45,B
2021-06-11T10:44:55,100.0,44.4,B
2021-06-11T10:44:50,100.0,44.4,B
2021-06-11T10:44:36,100.0,44.4,B
2021-06-11T10:44:35,300.0,44.4,B
2021-06-11T10:44:33,700.0,44.4,B
2021-06-11T10:44:23,1000.0,44.45,B
2021-06-11T10:44:19,100.0,44.4,B
2021-06-11T10:44:19,2300.0,44.4,B
2021-06-11T10:43:50,500.0,44.35,S
2021-06-11T10:43:50,4500.0,44.45,B
2021-06-11T10:43:48,100.0,44.4,B
2021-06-11T10:43:48,900.0,44.4,B
2021-06-11T10:43:47,500.0,44.4,B
2021-06-11T10:43:45,200.0,44.4,B
2021-06-11T10:43:41,500.0,44.4,B
2021-06-11T10:43:41,1000.0,44.4,B
2021-06-11T10:43:40,500.0,44.4,B
2021-06-11T10:43:40,200.0,44.35,B
2021-06-11T10:43:33,400.0,44.35,B
2021-06-11T10:43:26,1000.0,44.35,B
2021-06-11T10:43:25,100.0,44.4,B
2021-06-11T10:43:14,300.0,44.4,B
2021-06-11T10:43:14,4700.0,44.4,B
2021-06-11T10:43:05,300.0,44.35,B
2021-06-11T10:42:48,8000.0,44.35,B
2021-06-11T10:42:43,200.0,44.3,S
2021-06-11T10:42:43,3600.0,44.35,B
2021-06-11T10:42:36,4300.0,44.35,B
2021-06-11T10:42:29,5000.0,44.35,B
2021-06-11T10:42:18,600.0,44.35,B
2021-06-11T10:42:09,1500.0,44.3,B
2021-06-11T10:42:09,2000.0,44.3,B
2021-06-11T10:42:07,200.0,44.3,B
2021-06-11T10:42:00,3600.0,44.25,S
2021-06-11T10:42:00,300.0,44.25,S
2021-06-11T10:41:58,200.0,44.25,S
2021-06-11T10:41:55,1900.0,44.3,B
2021-06-11T10:41:55,500.0,44.3,B
2021-06-11T10:41:55,2600.0,44.3,B
2021-06-11T10:41:51,1000.0,44.3,B
2021-06-11T10:41:39,100.0,44.3,B
2021-06-11T10:41:39,800.0,44.3,B
2021-06-11T10:41:39,1500.0,44.3,B
2021-06-11T10:41:39,300.0,44.3,B
2021-06-11T10:41:39,1000.0,44.3,B
2021-06-11T10:41:33,500.0,44.25,S
2021-06-11T10:41:28,2100.0,44.3,B
2021-06-11T10:41:28,1000.0,44.3,B
2021-06-11T10:41:18,100.0,44.25,S
2021-06-11T10:41:13,13000.0,44.25,B
2021-06-11T10:41:13,1000.0,44.25,B
2021-06-11T10:41:13,2500.0,44.25,B
2021-06-11T10:41:13,200.0,44.25,B
2021-06-11T10:41:13,7600.0,44.25,B
2021-06-11T10:41:06,500.0,44.25,B
2021-06-11T10:41:02,4000.0,44.2,S
2021-06-11T10:40:57,100.0,44.2,S
2021-06-11T10:40:57,10000.0,44.25,B
2021-06-11T10:40:56,10000.0,44.25,B
2021-06-11T10:40:52,500.0,44.25,B
2021-06-11T10:40:43,100.0,44.25,B
2021-06-11T10:40:37,1000.0,44.25,B
2021-06-11T10:40:35,100.0,44.2,S
2021-06-11T10:40:35,2000.0,44.25,B
2021-06-11T10:40:20,900.0,44.25,B
2021-06-11T10:40:16,100.0,44.25,B
2021-06-11T10:40:13,100.0,44.25,B
2021-06-11T10:40:10,100.0,44.2,S
2021-06-11T10:39:44,100.0,44.25,B
2021-06-11T10:39:13,600.0,44.25,B
2021-06-11T10:38:53,500.0,44.2,B
2021-06-11T10:38:51,500.0,44.2,B
2021-06-11T10:38:37,3000.0,44.2,B
2021-06-11T10:38:31,200.0,44.2,B
2021-06-11T10:38:29,4000.0,44.2,B
2021-06-11T10:38:27,1000.0,44.2,B
2021-06-11T10:38:20,500.0,44.2,B
2021-06-11T10:38:12,100.0,44.2,B
2021-06-11T10:38:06,100.0,44.2,B
2021-06-11T10:37:58,100.0,44.2,B
2021-06-11T10:37:47,2300.0,44.2,B
2021-06-11T10:37:44,600.0,44.2,B
2021-06-11T10:37:39,500.0,44.2,B
2021-06-11T10:37:34,100.0,44.2,B
2021-06-11T10:37:30,100.0,44.2,B
2021-06-11T10:37:05,1500.0,44.2,B
2021-06-11T10:37:03,8000.0,44.2,B
2021-06-11T10:37:02,3000.0,44.2,B
2021-06-11T10:36:37,2400.0,44.2,B
2021-06-11T10:36:37,500.0,44.15,S
2021-06-11T10:36:18,1000.0,44.2,B
2021-06-11T10:36:16,4400.0,44.15,S
2021-06-11T10:36:16,200.0,44.15,S
2021-06-11T10:36:15,400.0,44.15,S
2021-06-11T10:36:09,100.0,44.2,B
2021-06-11T10:35:44,300.0,44.2,B
2021-06-11T10:35:40,1900.0,44.2,B
2021-06-11T10:35:33,500.0,44.15,S
2021-06-11T10:35:25,2000.0,44.2,B
2021-06-11T10:35:04,200.0,44.15,S
2021-06-11T10:34:54,400.0,44.2,B
2021-06-11T10:34:45,300.0,44.2,S
2021-06-11T10:34:39,900.0,44.15,S
2021-06-11T10:34:12,200.0,44.15,S
2021-06-11T10:34:12,100.0,44.15,S
2021-06-11T10:33:54,100.0,44.15,S
2021-06-11T10:33:54,13900.0,44.15,S
2021-06-11T10:33:54,300.0,44.25,B
2021-06-11T10:33:53,500.0,44.2,B
2021-06-11T10:33:47,1600.0,44.2,B
2021-06-11T10:33:47,400.0,44.2,B
2021-06-11T10:33:47,300.0,44.2,B
2021-06-11T10:33:47,1700.0,44.2,B
2021-06-11T10:33:47,1300.0,44.2,B
2021-06-11T10:33:47,1100.0,44.2,B
2021-06-11T10:33:47,5100.0,44.2,B
2021-06-11T10:33:47,500.0,44.2,B
2021-06-11T10:33:47,8300.0,44.2,B
2021-06-11T10:33:25,1000.0,44.2,B
2021-06-11T10:33:25,100.0,44.2,B
2021-06-11T10:33:25,300.0,44.2,B
2021-06-11T10:33:17,500.0,44.2,B
2021-06-11T10:33:14,1000.0,44.15,S
2021-06-11T10:33:12,10000.0,44.2,B
2021-06-11T10:33:03,100.0,44.2,B
2021-06-11T10:33:00,6000.0,44.15,S
2021-06-11T10:32:58,200.0,44.2,B
2021-06-11T10:32:47,700.0,44.2,B
2021-06-11T10:32:47,1000.0,44.2,B
2021-06-11T10:32:47,300.0,44.2,B
2021-06-11T10:32:47,200.0,44.2,B
2021-06-11T10:32:40,100.0,44.2,B
2021-06-11T10:32:36,1000.0,44.2,B
2021-06-11T10:32:24,1300.0,44.2,B
2021-06-11T10:32:22,1000.0,44.2,B
2021-06-11T10:32:18,200.0,44.15,S
2021-06-11T10:32:16,300.0,44.2,B
2021-06-11T10:32:03,1000.0,44.2,B
2021-06-11T10:31:54,200.0,44.15,S
2021-06-11T10:31:31,200.0,44.2,B
2021-06-11T10:31:12,300.0,44.2,B
2021-06-11T10:30:53,200.0,44.15,B
2021-06-11T10:30:45,1000.0,44.15,B
2021-06-11T10:30:41,6900.0,44.15,B
2021-06-11T10:30:37,100.0,44.1,S
2021-06-11T10:30:34,100.0,44.15,B
2021-06-11T10:30:34,400.0,44.15,B
2021-06-11T10:30:34,1900.0,44.15,B
2021-06-11T10:30:29,700.0,44.15,B
2021-06-11T10:30:27,100.0,44.1,S
2021-06-11T10:30:11,500.0,44.15,B
2021-06-11T10:30:09,2000.0,44.1,S
2021-06-11T10:30:05,300.0,44.15,B
2021-06-11T10:30:03,1000.0,44.1,S
2021-06-11T10:29:51,1000.0,44.15,B
2021-06-11T10:29:36,1100.0,44.15,B
2021-06-11T10:29:30,2000.0,44.15,B
2021-06-11T10:29:03,100.0,44.15,B
2021-06-11T10:28:47,600.0,44.15,B
2021-06-11T10:28:40,500.0,44.15,B
2021-06-11T10:28:29,100.0,44.1,B
2021-06-11T10:28:23,100.0,44.1,B
2021-06-11T10:28:20,1800.0,44.05,S
2021-06-11T10:28:20,8200.0,44.05,S
2021-06-11T10:28:07,3700.0,44.1,B
2021-06-11T10:27:56,1200.0,44.1,S
2021-06-11T10:27:56,200.0,44.1,S
2021-06-11T10:27:35,4800.0,44.1,S
2021-06-11T10:27:35,200.0,44.1,S
2021-06-11T10:27:28,200.0,44.05,S
2021-06-11T10:27:28,4500.0,44.15,B
2021-06-11T10:27:27,1500.0,44.15,B
2021-06-11T10:27:26,3600.0,44.05,S
2021-06-11T10:27:25,1000.0,44.1,B
2021-06-11T10:27:19,900.0,44.1,B
2021-06-11T10:27:16,1000.0,44.1,B
2021-06-11T10:27:10,100.0,44.1,B
2021-06-11T10:27:10,400.0,44.1,B
2021-06-11T10:26:59,500.0,44.1,B
2021-06-11T10:26:56,100.0,44.1,B
2021-06-11T10:26:52,200.0,44.1,B
2021-06-11T10:26:49,1100.0,44.1,B
2021-06-11T10:26:49,1100.0,44.1,B
2021-06-11T10:26:48,2000.0,44.1,B
2021-06-11T10:26:48,700.0,44.1,B
2021-06-11T10:26:44,300.0,44.1,B
2021-06-11T10:26:33,200.0,44.05,S
2021-06-11T10:26:32,10000.0,44.1,B
2021-06-11T10:26:28,400.0,44.1,B
2021-06-11T10:26:27,2000.0,44.1,B
2021-06-11T10:26:21,900.0,44.1,B
2021-06-11T10:26:10,1200.0,44.1,B
2021-06-11T10:26:09,10000.0,44.1,B
2021-06-11T10:25:53,5000.0,44.1,B
2021-06-11T10:25:53,300.0,44.1,B
2021-06-11T10:25:48,100.0,44.1,B
2021-06-11T10:25:47,500.0,44.1,B
2021-06-11T10:25:36,100.0,44.1,B
2021-06-11T10:25:33,6000.0,44.1,B
2021-06-11T10:25:23,13800.0,44.1,B
2021-06-11T10:25:21,500.0,44.1,B
2021-06-11T10:25:14,3000.0,44.05,S
2021-06-11T10:25:14,8000.0,44.1,B
2021-06-11T10:25:12,100.0,44.1,B
2021-06-11T10:24:54,100.0,44.1,B
2021-06-11T10:24:50,2000.0,44.1,B
2021-06-11T10:24:45,500.0,44.1,B
2021-06-11T10:24:30,200.0,44.1,B
2021-06-11T10:24:23,2000.0,44.1,B
2021-06-11T10:24:21,1000.0,44.1,B
2021-06-11T10:24:19,1000.0,44.1,B
2021-06-11T10:24:14,300.0,44.1,B
2021-06-11T10:23:57,1000.0,44.1,B
2021-06-11T10:23:42,1200.0,44.05,B
2021-06-11T10:23:42,200.0,44.05,B
2021-06-11T10:23:38,100.0,44.05,B
2021-06-11T10:23:38,100.0,44.0,S
2021-06-11T10:23:37,2000.0,44.05,B
2021-06-11T10:23:36,500.0,44.05,B
2021-06-11T10:23:18,1000.0,44.05,B
2021-06-11T10:23:08,800.0,44.05,B
2021-06-11T10:23:05,2500.0,44.05,B
2021-06-11T10:23:05,2500.0,44.05,B
2021-06-11T10:23:04,11000.0,44.05,B
2021-06-11T10:22:55,100.0,44.05,B
2021-06-11T10:22:50,400.0,44.05,B
2021-06-11T10:22:32,400.0,44.05,B
2021-06-11T10:22:31,400.0,44.05,B
2021-06-11T10:22:28,1000.0,44.0,S
2021-06-11T10:22:23,100.0,44.05,B
2021-06-11T10:22:23,1000.0,44.0,S
2021-06-11T10:22:19,100.0,44.05,B
2021-06-11T10:22:10,200.0,44.0,S
2021-06-11T10:21:53,300.0,44.0,S
2021-06-11T10:21:53,5000.0,44.0,S
2021-06-11T10:21:38,5000.0,44.0,S
2021-06-11T10:21:30,1500.0,44.0,S
2021-06-11T10:21:25,100.0,44.0,S
2021-06-11T10:21:19,500.0,44.0,B
2021-06-11T10:21:18,1600.0,44.0,B
2021-06-11T10:21:18,300.0,44.0,B
2021-06-11T10:21:18,2900.0,44.0,B
2021-06-11T10:21:18,10500.0,44.0,B
2021-06-11T10:21:18,7700.0,44.0,B
2021-06-11T10:21:18,4600.0,44.0,B
2021-06-11T10:21:18,3000.0,44.0,B
2021-06-11T10:21:18,1400.0,44.0,B
2021-06-11T10:21:16,2200.0,44.0,B
2021-06-11T10:21:14,1700.0,44.0,B
2021-06-11T10:21:14,1000.0,44.0,B
2021-06-11T10:21:12,100.0,44.0,B
2021-06-11T10:20:59,1000.0,44.0,B
2021-06-11T10:20:58,300.0,44.0,B
2021-06-11T10:20:57,11700.0,44.0,B
2021-06-11T10:20:57,3300.0,44.0,B
2021-06-11T10:20:50,10000.0,44.0,B
2021-06-11T10:20:42,5000.0,44.0,B
2021-06-11T10:20:32,1200.0,44.0,B
2021-06-11T10:20:32,500.0,44.0,B
2021-06-11T10:20:18,500.0,44.0,B
2021-06-11T10:19:57,200.0,44.0,B
2021-06-11T10:19:30,1000.0,43.95,S
2021-06-11T10:19:14,100.0,44.0,B
2021-06-11T10:19:04,6000.0,43.95,S
2021-06-11T10:18:39,600.0,43.95,S
2021-06-11T10:18:33,1000.0,43.95,S
2021-06-11T10:18:22,10000.0,43.95,S
2021-06-11T10:18:20,2000.0,43.95,S
2021-06-11T10:18:09,100.0,43.95,S
2021-06-11T10:17:36,300.0,43.95,S
2021-06-11T10:17:34,2000.0,43.95,S
2021-06-11T10:17:34,2400.0,44.0,B
2021-06-11T10:17:27,200.0,44.0,B
2021-06-11T10:17:17,1000.0,43.95,S
2021-06-11T10:17:16,300.0,44.0,B
2021-06-11T10:17:15,1300.0,44.0,B
2021-06-11T10:17:15,3200.0,44.0,B
2021-06-11T10:17:15,7800.0,44.0,B
2021-06-11T10:17:15,200.0,44.0,B
2021-06-11T10:17:15,2000.0,44.0,B
2021-06-11T10:17:15,1200.0,44.0,B
2021-06-11T10:17:15,14300.0,44.0,B
2021-06-11T10:16:49,200.0,44.0,B
2021-06-11T10:16:31,500.0,43.95,S
2021-06-11T10:16:21,100.0,44.0,B
2021-06-11T10:16:19,10200.0,43.95,S
2021-06-11T10:16:06,600.0,44.0,B
2021-06-11T10:16:06,100.0,44.0,B
2021-06-11T10:15:49,2000.0,44.0,B
2021-06-11T10:15:32,200.0,44.0,B
2021-06-11T10:15:30,300.0,44.0,B
2021-06-11T10:15:28,100.0,43.95,S
2021-06-11T10:15:24,100.0,44.0,B
2021-06-11T10:14:52,400.0,44.0,B
2021-06-11T10:14:20,300.0,43.95,S
2021-06-11T10:14:16,600.0,43.95,S
2021-06-11T10:14:13,1000.0,43.95,B
2021-06-11T10:14:10,400.0,43.95,B
2021-06-11T10:14:05,200.0,44.0,B
2021-06-11T10:14:05,1200.0,43.95,B
2021-06-11T10:14:05,20500.0,43.95,B
2021-06-11T10:13:50,200.0,43.95,B
2021-06-11T10:13:36,400.0,43.9,S
2021-06-11T10:13:32,5000.0,43.9,S
2021-06-11T10:13:21,100.0,43.95,B
2021-06-11T10:13:19,100.0,43.95,B
2021-06-11T10:13:06,3600.0,43.9,S
2021-06-11T10:13:00,100.0,43.95,B
2021-06-11T10:12:58,300.0,43.95,B
2021-06-11T10:12:44,400.0,43.95,B
2021-06-11T10:12:30,10000.0,43.95,B
2021-06-11T10:12:30,100.0,43.9,S
2021-06-11T10:12:29,1800.0,43.9,B
2021-06-11T10:12:26,500.0,43.9,B
2021-06-11T10:12:26,4000.0,43.9,B
2021-06-11T10:12:26,2100.0,43.9,B
2021-06-11T10:12:26,3600.0,43.9,B
2021-06-11T10:12:26,4300.0,43.9,B
2021-06-11T10:12:23,300.0,43.9,B
2021-06-11T10:12:22,100.0,43.9,B
2021-06-11T10:12:18,100.0,43.9,B
2021-06-11T10:12:10,100.0,43.9,B
2021-06-11T10:12:09,300.0,43.9,B
2021-06-11T10:12:08,300.0,43.85,S
2021-06-11T10:12:07,1000.0,43.9,B
2021-06-11T10:12:03,100.0,43.9,B
2021-06-11T10:12:02,500.0,43.9,B
2021-06-11T10:11:56,700.0,43.9,B
2021-06-11T10:11:46,100.0,43.9,B
2021-06-11T10:11:44,100.0,43.9,B
2021-06-11T10:11:35,10000.0,43.9,B
2021-06-11T10:11:32,1000.0,43.9,B
2021-06-11T10:11:29,100.0,43.9,B
2021-06-11T10:11:08,100.0,43.9,B
2021-06-11T10:10:28,400.0,43.85,S
2021-06-11T10:09:51,100.0,43.85,S
2021-06-11T10:09:48,100.0,43.85,S
2021-06-11T10:09:44,9400.0,43.8,S
2021-06-11T10:09:42,2000.0,43.85,S
2021-06-11T10:09:17,300.0,43.85,S
2021-06-11T10:09:04,1200.0,43.85,B
2021-06-11T10:09:02,11300.0,43.85,B
2021-06-11T10:08:59,1000.0,43.85,B
2021-06-11T10:08:53,1000.0,43.85,B
2021-06-11T10:08:46,1000.0,43.85,B
2021-06-11T10:08:41,200.0,43.85,B
2021-06-11T10:08:33,200.0,43.85,B
2021-06-11T10:08:32,200.0,43.85,B
2021-06-11T10:08:25,1000.0,43.85,S
2021-06-11T10:08:21,100.0,43.85,S
2021-06-11T10:08:19,1000.0,43.85,S
2021-06-11T10:08:09,100.0,43.85,S
2021-06-11T10:08:02,3900.0,43.85,S
2021-06-11T10:08:01,500.0,43.9,B
2021-06-11T10:08:00,400.0,43.85,S
2021-06-11T10:07:47,400.0,43.85,S
2021-06-11T10:07:44,100.0,43.85,S
2021-06-11T10:07:37,200.0,43.9,B
2021-06-11T10:07:30,100.0,43.9,B
2021-06-11T10:06:47,21300.0,43.8,S
2021-06-11T10:06:47,3700.0,43.85,S
2021-06-11T10:06:34,1000.0,43.85,S
2021-06-11T10:06:28,1800.0,43.85,B
2021-06-11T10:06:28,100.0,43.85,B
2021-06-11T10:06:23,3900.0,43.85,B
2021-06-11T10:06:20,200.0,43.85,B
2021-06-11T10:06:20,4800.0,43.85,B
2021-06-11T10:06:03,200.0,43.85,B
2021-06-11T10:06:02,200.0,43.85,B
2021-06-11T10:05:48,1000.0,43.85,B
2021-06-11T10:05:48,200.0,43.8,S
2021-06-11T10:05:47,200.0,43.85,B
2021-06-11T10:05:47,200.0,43.85,B
2021-06-11T10:05:41,1500.0,43.85,B
2021-06-11T10:05:41,200.0,43.85,B
2021-06-11T10:05:29,600.0,43.85,B
2021-06-11T10:05:26,8000.0,43.85,B
2021-06-11T10:05:25,500.0,43.85,B
2021-06-11T10:05:22,1800.0,43.85,B
2021-06-11T10:05:17,100.0,43.85,B
2021-06-11T10:05:09,300.0,43.85,B
2021-06-11T10:05:08,800.0,43.85,B
2021-06-11T10:05:00,200.0,43.85,B
2021-06-11T10:04:56,3000.0,43.85,B
2021-06-11T10:04:39,5000.0,43.85,B
2021-06-11T10:04:31,700.0,43.85,B
2021-06-11T10:04:30,1000.0,43.85,B
2021-06-11T10:04:26,3800.0,43.85,B
2021-06-11T10:04:12,1100.0,43.85,B
2021-06-11T10:03:48,300.0,43.8,S
2021-06-11T10:03:46,500.0,43.8,S
2021-06-11T10:03:41,400.0,43.85,B
2021-06-11T10:03:37,100.0,43.85,B
2021-06-11T10:03:23,200.0,43.8,S
2021-06-11T10:03:12,300.0,43.85,B
2021-06-11T10:03:09,3100.0,43.8,B
2021-06-11T10:02:52,1800.0,43.75,S
2021-06-11T10:02:52,500.0,43.75,S
2021-06-11T10:02:52,1500.0,43.75,S
2021-06-11T10:02:52,1800.0,43.8,S
2021-06-11T10:02:42,2000.0,43.8,S
2021-06-11T10:02:34,100.0,43.85,B
2021-06-11T10:02:33,300.0,43.85,B
2021-06-11T10:02:25,200.0,43.85,B
2021-06-11T10:02:20,100.0,43.8,S
2021-06-11T10:02:20,200.0,43.8,S
2021-06-11T10:02:20,3500.0,43.8,S
2021-06-11T10:02:20,1300.0,43.8,S
2021-06-11T10:02:20,800.0,43.8,S
2021-06-11T10:02:20,1300.0,43.8,S
2021-06-11T10:02:20,100.0,43.8,S
2021-06-11T10:02:20,1700.0,43.8,S
2021-06-11T10:02:11,700.0,43.85,B
2021-06-11T10:01:46,100.0,43.85,B
2021-06-11T10:01:33,500.0,43.85,S
2021-06-11T10:01:28,100.0,43.8,S
2021-06-11T10:01:26,1700.0,43.8,S
2021-06-11T10:01:26,4800.0,43.8,S
2021-06-11T10:01:26,2000.0,43.85,S
2021-06-11T10:01:23,3900.0,43.8,S
2021-06-11T10:01:22,1100.0,43.8,S
2021-06-11T10:01:22,100.0,43.85,S
2021-06-11T10:01:17,300.0,43.85,S
2021-06-11T10:01:12,3600.0,43.8,S
2021-06-11T10:01:11,100.0,43.85,S
2021-06-11T10:01:07,700.0,43.85,S
2021-06-11T10:01:03,1000.0,43.85,S
2021-06-11T10:00:45,100.0,43.85,S
2021-06-11T10:00:40,200.0,43.9,S
2021-06-11T10:00:39,100.0,43.85,S
2021-06-11T10:00:24,400.0,43.85,S
2021-06-11T10:00:23,1000.0,43.9,S
2021-06-11T10:00:23,4900.0,43.9,S
2021-06-11T10:00:23,300.0,43.9,S
2021-06-11T10:00:22,300.0,43.9,S
2021-06-11T10:00:22,1200.0,43.9,S
2021-06-11T10:00:22,3200.0,43.9,S
2021-06-11T10:00:20,8100.0,43.9,S
2021-06-11T10:00:19,1000.0,43.95,B
2021-06-11T10:00:18,100.0,43.95,B
2021-06-11T10:00:15,11000.0,43.9,S
2021-06-11T10:00:06,100.0,43.9,S
2021-06-11T10:00:06,200.0,43.95,B
2021-06-11T10:00:00,10000.0,43.9,S
2021-06-11T09:59:56,700.0,43.95,B
2021-06-11T09:59:37,100.0,43.95,B
2021-06-11T09:59:15,1800.0,43.95,S
2021-06-11T09:59:15,400.0,44.0,B
2021-06-11T09:59:05,100.0,44.0,B
2021-06-11T09:58:54,100.0,44.0,B
2021-06-11T09:58:51,100.0,44.0,B
2021-06-11T09:58:49,200.0,44.0,B
2021-06-11T09:58:36,200.0,44.0,S
2021-06-11T09:58:25,200.0,44.0,S
2021-06-11T09:58:12,1300.0,44.0,S
2021-06-11T09:58:12,1100.0,44.0,S
2021-06-11T09:58:12,400.0,44.0,S
2021-06-11T09:58:12,800.0,44.0,S
2021-06-11T09:58:12,5000.0,44.0,S
2021-06-11T09:58:12,100.0,44.05,B
2021-06-11T09:58:08,9000.0,44.0,S
2021-06-11T09:58:08,1000.0,44.0,S
2021-06-11T09:58:05,500.0,44.0,S
2021-06-11T09:57:56,10000.0,44.0,S
2021-06-11T09:57:55,200.0,44.0,S
2021-06-11T09:57:52,1700.0,44.05,B
2021-06-11T09:57:46,20000.0,44.0,S
2021-06-11T09:57:46,500.0,44.0,S
2021-06-11T09:57:45,400.0,44.0,S
2021-06-11T09:57:38,300.0,44.05,B
2021-06-11T09:57:37,900.0,44.0,S
2021-06-11T09:57:36,500.0,44.0,S
2021-06-11T09:57:33,20500.0,44.0,S
2021-06-11T09:57:33,1000.0,44.0,S
2021-06-11T09:57:32,100.0,44.0,S
2021-06-11T09:57:32,500.0,44.0,S
2021-06-11T09:57:32,7900.0,44.0,S
