tradingTime,volume,price,side
2021-06-11T14:29:36,300.0,44.5,B
2021-06-11T14:29:36,8100.0,44.5,B
2021-06-11T14:28:24,1200.0,44.45,S
2021-06-11T14:28:09,1500.0,44.5,B
2021-06-11T14:28:02,3600.0,44.5,B
2021-06-11T14:23:35,20000.0,44.5,B
2021-06-11T14:22:11,5000.0,44.45,S
2021-06-11T14:22:03,100.0,44.5,B
2021-06-11T14:20:39,500.0,44.5,B
2021-06-11T14:20:00,100.0,44.45,S
2021-06-11T14:19:37,700.0,44.5,B
2021-06-11T14:19:17,3200.0,44.5,B
2021-06-11T14:18:57,600.0,44.45,S
2021-06-11T14:18:57,300.0,44.5,B
2021-06-11T14:18:40,15000.0,44.5,B
2021-06-11T14:18:09,2800.0,44.45,S
2021-06-11T14:17:44,1000.0,44.5,B
2021-06-11T14:16:01,100.0,44.5,B
2021-06-11T14:15:57,4000.0,44.45,S
2021-06-11T14:14:07,500.0,44.5,B
2021-06-11T14:12:24,20000.0,44.5,B
2021-06-11T14:11:42,200.0,44.5,B
2021-06-11T14:10:46,100.0,44.5,B
2021-06-11T14:10:23,500.0,44.5,B
2021-06-11T14:10:14,200.0,44.5,B
2021-06-11T14:10:07,2000.0,44.5,B
2021-06-11T14:09:50,1100.0,44.5,B
2021-06-11T14:09:31,700.0,44.5,B
2021-06-11T14:08:53,1100.0,44.5,B
2021-06-11T14:08:45,500.0,44.5,B
2021-06-11T14:07:47,400.0,44.5,S
2021-06-11T14:07:38,1000.0,44.5,S
2021-06-11T14:06:25,20000.0,44.7,B
2021-06-11T14:05:48,400.0,44.45,S
2021-06-11T14:05:19,400.0,44.5,B
2021-06-11T14:05:19,37400.0,44.5,B
2021-06-11T14:05:00,400.0,44.5,B
2021-06-11T14:04:45,1700.0,44.5,B
2021-06-11T14:04:36,1000.0,44.5,B
2021-06-11T14:04:26,2000.0,44.45,S
2021-06-11T14:03:03,3800.0,44.45,S
2021-06-11T14:03:03,100.0,44.45,S
2021-06-11T14:02:29,1000.0,44.5,B
2021-06-11T14:02:21,6000.0,44.45,S
2021-06-11T14:00:34,1000.0,44.5,B
2021-06-11T13:59:54,600.0,44.5,B
2021-06-11T13:59:22,4000.0,44.45,S
2021-06-11T13:59:11,1000.0,44.5,B
2021-06-11T13:56:27,600.0,44.5,B
2021-06-11T13:56:18,10400.0,44.5,S
2021-06-11T13:54:23,100.0,44.5,B
2021-06-11T13:54:22,700.0,44.5,B
2021-06-11T13:53:57,38000.0,44.5,B
2021-06-11T13:52:50,12000.0,44.5,B
2021-06-11T13:45:45,500.0,44.4,S
2021-06-11T13:45:16,500.0,44.5,B
2021-06-11T13:43:25,5000.0,44.5,B
2021-06-11T13:39:49,2000.0,44.5,B
2021-06-11T13:39:21,8600.0,44.5,B
2021-06-11T13:35:16,20000.0,44.5,B
2021-06-11T13:34:46,1000.0,44.5,S
2021-06-11T13:34:02,12800.0,44.5,S
2021-06-11T13:33:52,3600.0,44.55,S
2021-06-11T13:32:31,700.0,44.6,B
2021-06-11T13:29:43,1000.0,44.6,S
2021-06-11T13:29:23,10000.0,44.6,S
2021-06-11T13:29:23,1300.0,44.6,S
2021-06-11T13:28:25,5000.0,44.7,B
2021-06-11T13:28:08,100.0,44.6,S
2021-06-11T13:26:28,5000.0,44.6,S
2021-06-11T13:25:58,100.0,44.65,S
2021-06-11T13:24:36,500.0,44.7,S
2021-06-11T13:24:16,11000.0,44.7,S
2021-06-11T13:22:38,14700.0,44.8,S
2021-06-11T13:20:36,12000.0,44.9,B
2021-06-11T13:19:30,3900.0,44.8,B
2021-06-11T13:18:16,28800.0,45.0,B
2021-06-11T13:18:16,21200.0,44.95,B
2021-06-11T13:17:58,100.0,44.8,B
2021-06-11T13:17:18,400.0,44.8,S
2021-06-11T13:16:39,3100.0,44.8,S
2021-06-11T13:16:25,900.0,44.85,S
2021-06-11T13:16:00,100.0,44.85,S
2021-06-11T13:15:41,200.0,44.85,S
2021-06-11T13:15:04,10000.0,44.8,S
2021-06-11T13:14:45,1400.0,44.85,S
2021-06-11T13:13:48,1500.0,44.85,S
2021-06-11T13:13:06,1000.0,44.9,B
2021-06-11T13:13:00,2100.0,44.85,S
2021-06-11T13:12:57,7700.0,44.9,B
2021-06-11T13:12:19,3000.0,44.9,B
2021-06-11T13:11:55,35000.0,45.0,B
2021-06-11T13:11:54,1500.0,45.0,B
2021-06-11T13:11:52,2700.0,44.9,B
2021-06-11T13:11:24,1000.0,45.0,B
2021-06-11T13:11:02,1000.0,45.0,B
2021-06-11T13:10:40,20000.0,45.0,B
2021-06-11T13:10:39,30000.0,45.0,B
2021-06-11T13:10:27,11400.0,45.0,B
2021-06-11T13:10:27,1000.0,45.0,B
2021-06-11T13:10:26,37600.0,45.0,B
2021-06-11T13:10:01,200.0,44.9,B
2021-06-11T13:08:33,500.0,44.7,S
2021-06-11T13:08:25,30000.0,44.9,B
2021-06-11T13:08:09,800.0,44.7,S
2021-06-11T13:06:19,6700.0,44.8,B
2021-06-11T13:06:19,11800.0,44.65,B
2021-06-11T13:06:19,1500.0,44.55,B
2021-06-11T13:05:50,27200.0,44.5,B
2021-06-11T13:05:37,5000.0,44.45,B
2021-06-11T13:05:04,5000.0,44.45,B
2021-06-11T13:04:43,200.0,44.4,B
2021-06-11T11:29:39,10000.0,44.4,B
2021-06-11T11:28:56,3000.0,44.4,B
2021-06-11T11:28:34,1700.0,44.4,B
2021-06-11T11:27:49,10000.0,44.4,B
2021-06-11T11:27:25,500.0,44.35,S
2021-06-11T11:27:01,3200.0,44.35,B
2021-06-11T11:26:18,1000.0,44.35,B
2021-06-11T11:25:32,1000.0,44.35,B
2021-06-11T11:25:00,100.0,44.35,B
2021-06-11T11:24:55,300.0,44.35,B
2021-06-11T11:24:41,400.0,44.35,B
2021-06-11T11:24:31,1300.0,44.35,S
2021-06-11T11:24:31,700.0,44.35,S
2021-06-11T11:24:00,300.0,44.35,B
2021-06-11T11:23:39,2800.0,44.35,B
2021-06-11T11:23:37,300.0,44.35,B
2021-06-11T11:22:17,5500.0,44.35,B
2021-06-11T11:21:49,500.0,44.35,B
2021-06-11T11:20:54,900.0,44.35,B
2021-06-11T11:19:49,100.0,44.35,B
2021-06-11T11:19:28,3500.0,44.35,B
2021-06-11T11:16:50,12900.0,44.3,B
2021-06-11T11:15:15,2100.0,44.3,B
2021-06-11T11:15:15,2900.0,44.3,B
2021-06-11T11:12:08,1600.0,44.3,B
2021-06-11T11:09:33,100.0,44.3,B
2021-06-11T11:09:16,2000.0,44.3,B
2021-06-11T11:05:24,100.0,44.3,B
2021-06-11T11:05:07,1200.0,44.3,B
2021-06-11T11:01:57,700.0,44.3,S
2021-06-11T11:01:45,5000.0,44.4,B
2021-06-11T11:00:21,10000.0,44.4,S
2021-06-11T10:58:33,1500.0,44.45,B
2021-06-11T10:58:25,900.0,44.3,S
2021-06-11T10:58:23,2300.0,44.3,S
2021-06-11T10:57:56,400.0,44.3,S
2021-06-11T10:57:15,3800.0,44.3,B
2021-06-11T10:57:05,1800.0,44.45,B
2021-06-11T10:57:05,13600.0,44.45,B
2021-06-11T10:57:04,14600.0,44.35,B
2021-06-11T10:55:39,1000.0,44.3,B
2021-06-11T10:55:07,8500.0,44.2,B
2021-06-11T10:54:06,1500.0,44.2,B
2021-06-11T10:53:13,3000.0,44.2,B
2021-06-11T10:51:05,17200.0,44.2,S
2021-06-11T10:50:53,5000.0,44.3,B
2021-06-11T10:48:49,1000.0,44.3,B
2021-06-11T10:48:41,100.0,44.3,B
2021-06-11T10:48:29,200.0,44.3,B
2021-06-11T10:48:15,300.0,44.3,B
2021-06-11T10:47:59,1000.0,44.3,B
2021-06-11T10:47:48,500.0,44.3,B
2021-06-11T10:47:24,100.0,44.25,S
2021-06-11T10:43:25,1000.0,44.2,S
2021-06-11T10:38:26,300.0,44.35,S
2021-06-11T10:37:15,500.0,44.35,B
2021-06-11T10:37:14,200.0,44.35,B
2021-06-11T10:37:04,1600.0,44.35,B
2021-06-11T10:37:04,200.0,44.3,S
2021-06-11T10:36:18,3000.0,44.2,S
2021-06-11T10:35:29,200.0,44.35,B
2021-06-11T10:35:08,100.0,44.3,S
2021-06-11T10:34:39,17800.0,44.3,B
2021-06-11T10:30:45,8500.0,44.3,B
2021-06-11T10:27:39,2000.0,44.3,B
2021-06-11T10:27:11,100.0,44.2,S
2021-06-11T10:24:53,8400.0,44.2,B
2021-06-11T10:24:23,1000.0,44.15,S
2021-06-11T10:23:06,100.0,44.2,B
2021-06-11T10:22:34,600.0,44.2,B
2021-06-11T10:21:54,15000.0,44.2,B
2021-06-11T10:21:05,4500.0,44.15,B
2021-06-11T10:20:16,17200.0,44.1,B
2021-06-11T10:20:04,400.0,44.1,B
2021-06-11T10:19:38,8000.0,44.1,B
2021-06-11T10:18:26,30000.0,44.1,B
2021-06-11T10:17:31,1400.0,44.0,B
2021-06-11T10:17:27,200.0,44.0,B
2021-06-11T10:16:49,100.0,44.0,B
2021-06-11T10:16:45,1800.0,44.0,B
2021-06-11T10:16:45,13200.0,44.0,B
2021-06-11T10:15:50,30000.0,44.0,B
2021-06-11T10:15:26,2800.0,44.0,B
2021-06-11T10:13:31,10000.0,44.0,B
2021-06-11T10:10:38,400.0,43.95,S
2021-06-11T10:10:14,300.0,43.95,S
2021-06-11T10:09:55,3000.0,44.0,B
2021-06-11T10:07:34,1600.0,44.0,B
2021-06-11T10:04:02,2000.0,44.0,B
2021-06-11T10:02:57,600.0,43.95,S
2021-06-11T10:01:22,3800.0,44.0,B
2021-06-11T09:59:14,22000.0,44.0,B
2021-06-11T09:57:13,100.0,43.95,S
2021-06-11T09:55:09,500.0,44.0,B
2021-06-11T09:54:24,8500.0,44.0,B
2021-06-11T09:53:45,1500.0,43.95,S
2021-06-11T09:52:09,200.0,44.0,B
2021-06-11T09:50:39,33000.0,44.0,B
2021-06-11T09:50:29,700.0,43.95,S
2021-06-11T09:49:50,1000.0,43.95,S
2021-06-11T09:49:16,800.0,43.95,S
2021-06-11T09:48:39,1400.0,43.95,S
2021-06-11T09:47:34,200.0,44.0,B
2021-06-11T09:47:03,50000.0,44.0,B
2021-06-11T09:46:22,1500.0,44.0,B
2021-06-11T09:46:19,200.0,44.0,B
2021-06-11T09:46:05,30000.0,44.0,B
2021-06-11T09:44:24,15000.0,44.0,B
2021-06-11T09:43:39,2600.0,43.95,B
2021-06-11T09:43:12,500.0,43.9,S
2021-06-11T09:42:55,5600.0,43.95,B
2021-06-11T09:42:44,200.0,43.95,B
2021-06-11T09:42:23,6600.0,43.95,S
2021-06-11T09:41:27,8500.0,44.0,B
2021-06-11T09:39:37,1000.0,44.0,B
2021-06-11T09:39:28,200.0,43.95,S
2021-06-11T09:39:08,200.0,43.95,S
2021-06-11T09:38:49,500.0,44.0,B
2021-06-11T09:38:36,1500.0,44.0,S
2021-06-11T09:38:36,12100.0,44.0,S
2021-06-11T09:38:24,3000.0,44.1,S
2021-06-11T09:36:50,4600.0,44.15,S
2021-06-11T09:36:17,10900.0,44.15,S
2021-06-11T09:34:57,2700.0,44.2,S
2021-06-11T09:33:00,500.0,44.3,B
2021-06-11T09:32:04,1900.0,44.3,S
2021-06-11T09:29:32,1400.0,44.3,S
2021-06-11T09:29:14,1000.0,44.3,S
2021-06-11T09:28:55,200.0,44.4,S
2021-06-11T09:28:50,800.0,44.4,S
2021-06-11T09:28:37,50000.0,44.5,B
2021-06-11T09:28:18,300.0,44.3,S
2021-06-11T09:28:15,600.0,44.3,S
2021-06-11T09:28:11,900.0,44.3,S
2021-06-11T09:27:54,50000.0,44.5,B
2021-06-11T09:27:12,19000.0,44.4,B
2021-06-11T09:27:12,16000.0,44.3,B
2021-06-11T09:27:12,15000.0,44.2,B
2021-06-11T09:25:56,4100.0,44.15,B
2021-06-11T09:24:54,3200.0,44.05,S
2021-06-11T09:24:53,11800.0,44.1,S
2021-06-11T09:23:26,500.0,44.15,B
2021-06-11T09:23:01,5500.0,44.15,S
2021-06-11T09:23:00,3100.0,44.2,B
2021-06-11T09:22:14,2000.0,44.2,B
2021-06-11T09:21:16,3900.0,44.25,S
2021-06-11T09:20:52,7400.0,44.3,B
2021-06-11T09:19:55,15000.0,44.3,B
2021-06-11T09:18:28,7600.0,44.3,S
2021-06-11T09:17:28,100.0,44.4,B
2021-06-11T09:17:16,1000.0,44.4,B
2021-06-11T09:16:30,200.0,44.4,S
2021-06-11T09:16:30,3600.0,44.4,S
2021-06-11T09:16:12,1000.0,44.45,S
2021-06-11T09:15:55,1000.0,44.45,S
