tradingTime,volume,price,side
2021-06-11T14:56:39,900.0,19.5,B
2021-06-11T14:55:27,1200.0,19.4,S
2021-06-11T14:53:37,100.0,19.4,S
2021-06-11T14:53:12,200.0,19.4,S
2021-06-11T14:52:27,100.0,19.4,S
2021-06-11T14:51:45,300.0,19.4,S
2021-06-11T14:51:07,200.0,19.4,S
2021-06-11T14:46:57,1000.0,19.5,B
2021-06-11T14:44:53,2000.0,19.5,B
2021-06-11T14:44:12,100.0,19.3,S
2021-06-11T14:42:02,3000.0,19.3,S
2021-06-11T14:40:52,200.0,19.4,B
2021-06-11T14:40:01,1000.0,19.4,B
2021-06-11T14:40:01,100.0,19.4,B
2021-06-11T14:38:12,1400.0,19.3,B
2021-06-11T14:38:12,5600.0,19.2,S
2021-06-11T14:36:42,200.0,19.3,B
2021-06-11T14:36:21,3000.0,19.3,S
2021-06-11T14:36:18,5000.0,19.3,S
2021-06-11T14:34:02,100.0,19.3,S
2021-06-11T14:33:47,200.0,19.3,S
2021-06-11T14:33:02,1100.0,19.4,S
2021-06-11T14:32:12,300.0,19.4,S
2021-06-11T14:32:02,1000.0,19.4,S
2021-06-11T14:30:07,400.0,19.4,B
2021-06-11T14:28:56,1200.0,19.3,S
2021-06-11T14:28:06,400.0,19.3,S
2021-06-11T14:27:53,1000.0,19.3,B
2021-06-11T14:27:41,300.0,19.3,B
2021-06-11T14:26:43,4700.0,19.3,B
2021-06-11T14:25:24,900.0,19.3,B
2021-06-11T14:25:14,600.0,19.3,S
2021-06-11T14:24:59,300.0,19.3,S
2021-06-11T14:24:22,700.0,19.3,B
2021-06-11T14:24:21,13600.0,19.3,S
2021-06-11T14:24:18,1000.0,19.4,B
2021-06-11T14:23:50,5000.0,19.4,B
2021-06-11T14:23:07,300.0,19.4,B
2021-06-11T14:22:44,900.0,19.4,S
2021-06-11T14:22:39,100.0,19.4,B
2021-06-11T14:20:52,3900.0,19.4,S
2021-06-11T14:20:14,500.0,19.4,S
2021-06-11T14:20:10,200.0,19.4,S
2021-06-11T14:19:13,1800.0,19.4,S
2021-06-11T14:16:32,1600.0,19.4,B
2021-06-11T14:16:13,500.0,19.4,B
2021-06-11T14:15:21,4900.0,19.4,S
2021-06-11T14:12:35,1000.0,19.5,B
2021-06-11T14:12:18,500.0,19.5,B
2021-06-11T14:11:40,1000.0,19.5,B
2021-06-11T14:10:44,100.0,19.5,B
2021-06-11T14:10:42,100.0,19.5,B
2021-06-11T14:08:39,3800.0,19.5,S
2021-06-11T14:06:37,3000.0,19.5,S
2021-06-11T14:05:40,1400.0,19.5,B
2021-06-11T14:04:47,1000.0,19.5,B
2021-06-11T14:04:30,400.0,19.5,B
2021-06-11T14:04:20,100.0,19.5,B
2021-06-11T14:04:16,7000.0,19.5,B
2021-06-11T14:03:15,900.0,19.5,B
2021-06-11T14:03:06,5000.0,19.5,B
2021-06-11T14:02:27,100.0,19.4,S
2021-06-11T14:01:48,17500.0,19.4,B
2021-06-11T14:01:25,2000.0,19.4,B
2021-06-11T14:01:02,600.0,19.4,B
2021-06-11T13:58:28,500.0,19.4,B
2021-06-11T13:57:51,600.0,19.4,B
2021-06-11T13:57:29,200.0,19.4,S
2021-06-11T13:54:36,1800.0,19.4,B
2021-06-11T13:53:18,1300.0,19.2,S
2021-06-11T13:52:35,5000.0,19.3,S
2021-06-11T13:49:39,5000.0,19.5,B
2021-06-11T13:49:10,2700.0,19.5,B
2021-06-11T13:48:23,5000.0,19.5,B
2021-06-11T13:48:21,3000.0,19.3,S
2021-06-11T13:46:40,1000.0,19.3,B
2021-06-11T13:45:54,500.0,19.3,S
2021-06-11T13:45:52,100.0,19.3,S
2021-06-11T13:45:49,2800.0,19.3,S
2021-06-11T13:45:22,100.0,19.3,B
2021-06-11T13:45:04,1400.0,19.3,S
2021-06-11T13:44:56,900.0,19.3,S
2021-06-11T13:44:26,100.0,19.3,S
2021-06-11T13:44:01,500.0,19.3,S
2021-06-11T13:43:54,100.0,19.3,B
2021-06-11T13:43:25,100.0,19.2,B
2021-06-11T13:43:03,9900.0,19.2,S
2021-06-11T13:42:43,500.0,19.2,S
2021-06-11T13:42:39,3900.0,19.3,B
2021-06-11T13:41:46,1000.0,19.3,B
2021-06-11T13:40:50,200.0,19.3,B
2021-06-11T13:40:27,1200.0,19.3,S
2021-06-11T13:39:27,200.0,19.3,B
2021-06-11T13:39:20,2000.0,19.2,S
2021-06-11T13:37:33,10000.0,19.2,S
2021-06-11T13:37:22,200.0,19.3,S
2021-06-11T13:36:37,1900.0,19.3,S
2021-06-11T13:35:58,100.0,19.5,B
2021-06-11T13:34:26,3000.0,19.5,B
2021-06-11T13:34:17,500.0,19.4,B
2021-06-11T13:34:14,200.0,19.3,B
2021-06-11T13:33:29,100.0,19.3,B
2021-06-11T13:32:57,400.0,19.3,B
2021-06-11T13:32:30,2000.0,19.3,B
2021-06-11T13:32:01,100.0,19.2,S
2021-06-11T13:31:58,2000.0,19.2,S
2021-06-11T13:31:27,900.0,19.2,B
2021-06-11T13:30:45,15000.0,19.2,B
2021-06-11T13:29:57,300.0,19.1,S
2021-06-11T13:29:45,1100.0,19.1,S
2021-06-11T13:28:45,2000.0,19.2,B
2021-06-11T13:26:58,100.0,19.2,B
2021-06-11T13:26:06,5000.0,19.2,B
2021-06-11T13:25:06,200.0,19.1,S
2021-06-11T13:24:55,5300.0,19.1,S
2021-06-11T13:24:34,1300.0,19.1,S
2021-06-11T13:24:00,500.0,19.1,S
2021-06-11T13:22:37,500.0,19.1,S
2021-06-11T13:21:01,2000.0,19.2,B
2021-06-11T13:20:52,200.0,19.1,S
2021-06-11T13:20:45,300.0,19.2,B
2021-06-11T13:20:26,300.0,19.2,B
2021-06-11T13:20:21,1500.0,19.1,S
2021-06-11T13:20:16,1000.0,19.1,S
2021-06-11T13:20:14,200.0,19.1,S
2021-06-11T13:19:59,2000.0,19.1,S
2021-06-11T13:19:45,11300.0,19.1,S
2021-06-11T13:19:45,200.0,19.2,B
2021-06-11T13:19:37,1000.0,19.2,B
2021-06-11T13:18:15,100.0,19.2,B
2021-06-11T13:17:38,200.0,19.2,B
2021-06-11T13:17:25,200.0,19.2,B
2021-06-11T13:17:02,1600.0,19.2,B
2021-06-11T13:16:41,2000.0,19.2,B
2021-06-11T13:15:37,100.0,19.2,B
2021-06-11T13:14:54,2000.0,19.2,B
2021-06-11T13:14:33,200.0,19.2,B
2021-06-11T13:14:20,3400.0,19.2,S
2021-06-11T13:14:01,200.0,19.2,S
2021-06-11T13:13:32,2000.0,19.3,B
2021-06-11T13:12:56,2000.0,19.2,S
2021-06-11T13:12:45,1000.0,19.3,B
2021-06-11T13:11:41,10000.0,19.3,B
2021-06-11T13:10:47,500.0,19.1,S
2021-06-11T13:10:05,700.0,19.1,S
2021-06-11T13:09:47,3500.0,19.1,S
2021-06-11T13:09:28,2100.0,19.1,S
2021-06-11T13:08:10,100.0,19.2,B
2021-06-11T13:07:40,100.0,19.2,B
2021-06-11T13:07:28,1000.0,19.1,S
2021-06-11T13:07:09,8600.0,19.1,S
2021-06-11T13:06:55,1000.0,19.2,S
2021-06-11T13:06:42,1200.0,19.2,B
2021-06-11T13:06:42,1000.0,19.2,B
2021-06-11T13:06:36,500.0,19.1,S
2021-06-11T13:06:02,10000.0,19.2,B
2021-06-11T13:05:24,1000.0,19.1,S
2021-06-11T11:29:09,10000.0,19.1,S
2021-06-11T11:28:02,500.0,19.2,S
2021-06-11T11:27:31,1000.0,19.2,S
2021-06-11T11:27:12,3000.0,19.2,S
2021-06-11T11:26:52,300.0,19.4,B
2021-06-11T11:26:28,300.0,19.2,S
2021-06-11T11:25:48,10000.0,19.2,S
2021-06-11T11:25:09,100.0,19.4,B
2021-06-11T11:23:13,1000.0,19.4,B
2021-06-11T11:22:40,100.0,19.3,B
2021-06-11T11:22:20,200.0,19.4,B
2021-06-11T11:22:12,700.0,19.4,B
2021-06-11T11:22:09,1400.0,19.3,S
2021-06-11T11:21:20,800.0,19.4,S
2021-06-11T11:19:33,600.0,19.4,S
2021-06-11T11:18:00,300.0,19.4,S
2021-06-11T11:16:21,3000.0,19.5,B
2021-06-11T11:15:27,1000.0,19.5,S
2021-06-11T11:14:19,4000.0,19.4,S
2021-06-11T11:13:40,2300.0,19.4,B
2021-06-11T11:13:38,5500.0,19.4,B
2021-06-11T11:12:46,2100.0,19.4,B
2021-06-11T11:12:28,3000.0,19.3,B
2021-06-11T11:11:31,4100.0,19.3,S
2021-06-11T11:10:20,1200.0,19.4,S
2021-06-11T11:09:12,100.0,19.4,S
2021-06-11T11:06:52,4300.0,19.5,S
2021-06-11T11:06:11,1700.0,19.6,S
2021-06-11T11:05:47,2000.0,19.6,S
2021-06-11T11:04:29,300.0,19.7,B
2021-06-11T11:03:12,500.0,19.7,B
2021-06-11T11:01:10,100.0,19.7,B
2021-06-11T11:01:04,4000.0,19.7,B
2021-06-11T10:59:50,1100.0,19.7,B
2021-06-11T10:59:04,1000.0,19.6,S
2021-06-11T10:58:27,13600.0,19.6,S
2021-06-11T10:58:03,3000.0,19.6,B
2021-06-11T10:57:03,1200.0,19.5,S
2021-06-11T10:56:20,200.0,19.5,S
2021-06-11T10:55:46,200.0,19.5,S
2021-06-11T10:55:19,400.0,19.5,B
2021-06-11T10:54:01,5000.0,19.5,B
2021-06-11T10:52:22,5000.0,19.5,B
2021-06-11T10:51:39,100.0,19.5,B
2021-06-11T10:50:17,1000.0,19.5,B
2021-06-11T10:49:59,500.0,19.4,B
2021-06-11T10:49:09,1000.0,19.4,S
2021-06-11T10:48:10,10000.0,19.3,S
2021-06-11T10:47:00,1000.0,19.4,B
2021-06-11T10:46:56,900.0,19.4,B
2021-06-11T10:46:55,100.0,19.4,B
2021-06-11T10:46:54,600.0,19.3,S
2021-06-11T10:46:53,100.0,19.4,B
2021-06-11T10:46:46,100.0,19.4,B
2021-06-11T10:46:40,100.0,19.4,B
2021-06-11T10:45:46,300.0,19.3,S
2021-06-11T10:44:33,1800.0,19.4,S
2021-06-11T10:44:23,600.0,19.4,S
2021-06-11T10:42:18,100.0,19.4,S
2021-06-11T10:41:45,1000.0,19.3,S
2021-06-11T10:41:16,10000.0,19.3,S
2021-06-11T10:41:02,2000.0,19.5,S
2021-06-11T10:40:52,200.0,19.5,S
2021-06-11T10:40:36,100.0,19.5,S
2021-06-11T10:39:16,1300.0,19.6,B
2021-06-11T10:39:09,1000.0,19.6,S
2021-06-11T10:38:21,800.0,19.6,S
2021-06-11T10:38:20,100.0,19.6,S
2021-06-11T10:37:49,600.0,19.6,B
2021-06-11T10:37:48,400.0,19.6,S
2021-06-11T10:37:43,100.0,19.6,S
2021-06-11T10:37:39,300.0,19.7,B
2021-06-11T10:35:34,400.0,19.7,S
2021-06-11T10:35:04,500.0,19.7,S
2021-06-11T10:34:39,100.0,19.7,B
2021-06-11T10:34:20,1900.0,19.5,S
2021-06-11T10:33:32,100.0,19.7,B
2021-06-11T10:32:59,2000.0,19.7,B
2021-06-11T10:32:41,200.0,19.7,B
2021-06-11T10:32:13,800.0,19.7,B
2021-06-11T10:31:05,1500.0,19.7,B
2021-06-11T10:30:24,500.0,19.7,S
2021-06-11T10:29:45,2000.0,19.8,B
2021-06-11T10:29:34,100.0,19.8,B
2021-06-11T10:28:46,500.0,19.8,B
2021-06-11T10:28:41,1000.0,19.8,B
2021-06-11T10:27:54,2600.0,19.8,B
2021-06-11T10:27:52,100.0,19.7,B
2021-06-11T10:27:34,500.0,19.7,B
2021-06-11T10:25:44,8000.0,19.7,B
2021-06-11T10:25:31,500.0,19.3,B
2021-06-11T10:25:26,500.0,19.3,S
2021-06-11T10:24:31,600.0,19.3,B
2021-06-11T10:24:07,200.0,19.3,B
2021-06-11T10:23:34,200.0,19.3,B
2021-06-11T10:23:03,5000.0,19.3,B
2021-06-11T10:22:32,100.0,19.3,B
2021-06-11T10:22:13,1100.0,19.3,B
2021-06-11T10:21:41,1200.0,19.3,B
2021-06-11T10:18:53,1000.0,19.3,B
2021-06-11T10:17:51,600.0,19.2,B
2021-06-11T10:17:34,2000.0,19.2,B
2021-06-11T10:17:23,2000.0,19.2,B
2021-06-11T10:17:14,500.0,19.2,B
2021-06-11T10:17:00,2000.0,19.2,B
2021-06-11T10:16:48,100.0,19.2,S
2021-06-11T10:16:38,3000.0,19.2,S
2021-06-11T10:16:34,100.0,19.2,S
2021-06-11T10:16:07,1500.0,19.2,S
2021-06-11T10:15:57,1000.0,19.2,S
2021-06-11T10:15:31,1100.0,19.2,S
2021-06-11T10:15:13,2000.0,19.2,S
2021-06-11T10:15:11,3000.0,19.3,B
2021-06-11T10:14:47,1000.0,19.2,S
2021-06-11T10:11:38,200.0,19.1,S
2021-06-11T10:11:02,1000.0,19.1,S
2021-06-11T10:10:42,4900.0,19.2,B
2021-06-11T10:10:14,100.0,19.2,B
2021-06-11T10:10:06,4800.0,19.2,S
2021-06-11T10:08:57,1100.0,19.3,S
2021-06-11T10:07:29,2500.0,19.3,S
2021-06-11T10:07:23,500.0,19.4,B
2021-06-11T10:06:48,100.0,19.3,S
2021-06-11T10:05:47,200.0,19.3,S
2021-06-11T10:04:23,600.0,19.3,S
2021-06-11T10:03:51,100.0,19.3,S
2021-06-11T10:03:31,600.0,19.3,S
2021-06-11T10:02:57,100.0,19.3,B
2021-06-11T10:02:51,2000.0,19.3,B
2021-06-11T10:02:38,2900.0,19.3,S
2021-06-11T10:02:37,4100.0,19.4,B
2021-06-11T10:01:56,300.0,19.3,B
2021-06-11T10:01:14,200.0,19.3,S
2021-06-11T10:01:01,5000.0,19.3,B
2021-06-11T10:00:53,100.0,19.2,S
2021-06-11T10:00:49,5000.0,19.3,B
2021-06-11T10:00:30,100.0,19.2,S
2021-06-11T09:59:38,1000.0,19.2,S
2021-06-11T09:59:25,800.0,19.2,S
2021-06-11T09:58:49,4200.0,19.2,S
2021-06-11T09:58:34,100.0,19.2,S
2021-06-11T09:58:13,1000.0,19.2,S
2021-06-11T09:58:12,400.0,19.2,S
2021-06-11T09:57:58,200.0,19.2,S
2021-06-11T09:57:41,3900.0,19.2,B
2021-06-11T09:57:24,1000.0,19.2,B
2021-06-11T09:55:23,3000.0,19.2,B
2021-06-11T09:55:17,3400.0,19.1,S
2021-06-11T09:55:04,600.0,19.1,B
2021-06-11T09:55:02,1500.0,19.1,S
2021-06-11T09:54:11,800.0,19.1,B
2021-06-11T09:53:56,1500.0,19.0,S
2021-06-11T09:53:50,300.0,19.1,B
2021-06-11T09:53:05,300.0,19.1,B
2021-06-11T09:53:05,1000.0,19.1,B
2021-06-11T09:52:58,3000.0,19.1,B
2021-06-11T09:52:26,500.0,19.0,S
2021-06-11T09:52:13,1000.0,19.0,S
2021-06-11T09:51:57,200.0,19.0,S
2021-06-11T09:51:52,300.0,19.0,S
2021-06-11T09:51:29,300.0,19.0,S
2021-06-11T09:50:34,1900.0,19.0,S
2021-06-11T09:50:29,100.0,19.0,B
2021-06-11T09:50:23,100.0,19.0,B
2021-06-11T09:50:22,1000.0,19.0,B
2021-06-11T09:49:17,100.0,19.0,B
2021-06-11T09:49:16,100.0,19.0,B
2021-06-11T09:49:14,15000.0,19.0,B
2021-06-11T09:48:53,1000.0,19.0,B
2021-06-11T09:48:20,1200.0,18.9,S
2021-06-11T09:48:19,1000.0,19.0,B
2021-06-11T09:48:01,200.0,18.9,S
2021-06-11T09:47:32,5100.0,18.9,S
2021-06-11T09:47:30,3700.0,19.0,B
2021-06-11T09:47:11,200.0,18.9,S
2021-06-11T09:46:59,500.0,18.9,S
2021-06-11T09:46:37,200.0,18.9,S
2021-06-11T09:46:31,2900.0,18.9,S
2021-06-11T09:46:16,1000.0,18.9,S
2021-06-11T09:45:48,100.0,18.9,S
2021-06-11T09:45:06,200.0,18.9,S
2021-06-11T09:44:29,300.0,18.9,B
2021-06-11T09:44:22,1000.0,18.9,B
2021-06-11T09:44:04,200.0,18.9,B
2021-06-11T09:42:01,4300.0,18.8,S
2021-06-11T09:42:00,1000.0,18.8,S
2021-06-11T09:41:36,1000.0,18.8,S
2021-06-11T09:41:12,300.0,18.8,S
2021-06-11T09:40:48,1000.0,18.8,S
2021-06-11T09:40:45,500.0,19.0,B
2021-06-11T09:40:20,20000.0,18.8,S
2021-06-11T09:40:19,100.0,18.9,S
2021-06-11T09:40:14,200.0,19.0,B
2021-06-11T09:40:13,200.0,18.9,S
2021-06-11T09:40:01,400.0,18.9,S
2021-06-11T09:39:57,200.0,18.9,S
2021-06-11T09:39:52,500.0,18.9,B
2021-06-11T09:39:49,1000.0,18.9,B
2021-06-11T09:39:44,200.0,18.9,B
2021-06-11T09:39:33,1000.0,18.9,B
2021-06-11T09:39:12,500.0,18.9,B
2021-06-11T09:38:43,800.0,18.9,S
2021-06-11T09:38:40,100.0,18.9,S
2021-06-11T09:38:30,2100.0,18.9,B
2021-06-11T09:38:27,500.0,18.9,B
2021-06-11T09:38:24,3000.0,18.9,B
2021-06-11T09:38:23,1100.0,18.8,S
2021-06-11T09:38:18,3000.0,18.9,B
2021-06-11T09:38:15,3000.0,18.9,B
2021-06-11T09:38:03,500.0,18.9,B
2021-06-11T09:37:59,800.0,18.9,B
2021-06-11T09:37:47,2500.0,18.9,B
2021-06-11T09:37:37,1000.0,18.9,B
2021-06-11T09:37:18,100.0,18.9,B
2021-06-11T09:37:06,200.0,18.8,S
2021-06-11T09:36:32,1000.0,18.9,B
2021-06-11T09:36:26,1600.0,18.9,B
2021-06-11T09:36:20,3100.0,18.9,S
2021-06-11T09:36:15,100.0,18.9,S
2021-06-11T09:35:57,12000.0,18.9,S
2021-06-11T09:35:19,18300.0,19.0,S
2021-06-11T09:34:51,900.0,19.0,S
2021-06-11T09:34:43,100.0,19.1,B
2021-06-11T09:34:31,400.0,19.1,B
2021-06-11T09:34:30,100.0,19.1,B
2021-06-11T09:34:11,3100.0,19.0,S
2021-06-11T09:33:48,18600.0,19.0,S
2021-06-11T09:33:47,1000.0,19.1,S
2021-06-11T09:33:40,800.0,19.1,S
2021-06-11T09:33:39,500.0,19.2,B
2021-06-11T09:33:34,500.0,19.1,S
2021-06-11T09:33:31,500.0,19.1,S
2021-06-11T09:33:20,1000.0,19.2,B
2021-06-11T09:33:15,1000.0,19.1,S
2021-06-11T09:32:55,200.0,19.1,S
2021-06-11T09:32:32,300.0,19.1,S
2021-06-11T09:31:56,300.0,19.2,B
2021-06-11T09:31:46,2000.0,19.2,B
2021-06-11T09:30:36,1000.0,19.2,B
2021-06-11T09:29:41,300.0,19.2,B
2021-06-11T09:29:35,1300.0,19.1,S
2021-06-11T09:29:30,9400.0,19.1,S
2021-06-11T09:29:02,1000.0,19.1,B
2021-06-11T09:28:52,1500.0,19.1,B
2021-06-11T09:28:38,1100.0,19.1,S
2021-06-11T09:28:32,1200.0,19.1,S
2021-06-11T09:28:24,1000.0,19.1,S
2021-06-11T09:28:22,100.0,19.1,B
2021-06-11T09:28:18,400.0,19.0,S
2021-06-11T09:28:16,1000.0,19.1,B
2021-06-11T09:28:14,1000.0,19.1,B
2021-06-11T09:28:08,100.0,19.1,B
2021-06-11T09:27:56,400.0,19.1,B
2021-06-11T09:27:52,700.0,19.1,B
2021-06-11T09:27:44,3000.0,19.1,B
2021-06-11T09:27:37,1000.0,19.1,S
2021-06-11T09:26:36,6300.0,19.1,S
2021-06-11T09:26:05,1000.0,19.1,S
2021-06-11T09:25:53,100.0,19.1,S
2021-06-11T09:25:44,600.0,19.2,S
2021-06-11T09:24:45,6000.0,19.2,S
2021-06-11T09:23:28,1200.0,19.3,S
2021-06-11T09:23:17,200.0,19.3,S
2021-06-11T09:22:22,200.0,19.3,S
2021-06-11T09:21:49,100.0,19.3,B
2021-06-11T09:21:40,300.0,19.3,B
2021-06-11T09:21:24,100.0,19.2,S
2021-06-11T09:21:00,100.0,19.2,S
2021-06-11T09:20:40,2000.0,19.3,S
2021-06-11T09:20:09,300.0,19.2,S
2021-06-11T09:19:28,1000.0,19.2,S
2021-06-11T09:19:08,2100.0,19.1,S
2021-06-11T09:19:03,8000.0,19.7,B
2021-06-11T09:18:54,2000.0,19.1,B
2021-06-11T09:18:53,4000.0,19.1,B
2021-06-11T09:18:49,400.0,19.0,S
2021-06-11T09:18:38,100.0,19.1,B
2021-06-11T09:18:14,500.0,19.1,B
2021-06-11T09:18:13,1000.0,19.0,S
2021-06-11T09:17:53,2000.0,19.0,S
2021-06-11T09:17:50,300.0,19.1,B
2021-06-11T09:17:28,200.0,19.1,S
2021-06-11T09:17:22,2900.0,19.1,S
2021-06-11T09:15:56,300.0,19.1,S
2021-06-11T09:15:48,500.0,19.1,S
2021-06-11T09:15:48,100.0,19.1,S
2021-06-11T09:15:44,2000.0,19.1,B
2021-06-11T09:15:44,2000.0,19.1,S
2021-06-11T09:14:42,900.0,19.1,B
2021-06-11T09:14:31,400.0,19.1,S
2021-06-11T09:14:29,600.0,19.1,B
2021-06-11T09:14:12,500.0,19.0,S
2021-06-11T09:13:26,2000.0,19.0,S
2021-06-11T09:13:21,8800.0,19.1,B
2021-06-11T09:13:17,500.0,19.0,S
2021-06-11T09:13:14,2000.0,19.0,S
2021-06-11T09:13:02,2000.0,19.0,S
2021-06-11T09:12:56,100.0,19.1,S
2021-06-11T09:12:52,100.0,19.2,B
2021-06-11T09:12:37,200.0,19.2,B
2021-06-11T09:12:16,4400.0,19.1,S
2021-06-11T09:11:56,500.0,19.1,B
2021-06-11T09:11:46,1000.0,19.2,B
2021-06-11T09:11:41,5400.0,19.1,S
2021-06-11T09:11:25,2500.0,19.1,S
2021-06-11T09:11:21,2100.0,19.1,S
2021-06-11T09:11:07,200.0,19.1,B
2021-06-11T09:10:49,500.0,19.0,S
2021-06-11T09:10:33,1000.0,19.1,B
2021-06-11T09:10:31,300.0,19.0,B
2021-06-11T09:10:14,7000.0,19.0,S
2021-06-11T09:09:49,1000.0,19.0,S
2021-06-11T09:09:35,1000.0,19.1,B
2021-06-11T09:09:24,100.0,19.1,B
2021-06-11T09:09:15,1900.0,19.1,S
2021-06-11T09:09:01,1000.0,19.2,S
2021-06-11T09:08:47,1800.0,19.1,B
2021-06-11T09:08:29,100.0,19.1,B
2021-06-11T09:08:25,100.0,19.0,S
2021-06-11T09:08:12,8700.0,19.0,B
2021-06-11T09:08:09,3100.0,18.8,S
2021-06-11T09:08:02,1000.0,18.9,B
2021-06-11T09:08:00,100.0,18.8,S
2021-06-11T09:07:45,1500.0,18.8,S
2021-06-11T09:07:37,1000.0,18.9,B
2021-06-11T09:07:34,100.0,18.8,S
2021-06-11T09:07:34,100.0,18.8,S
2021-06-11T09:07:31,500.0,18.9,B
2021-06-11T09:07:27,1000.0,18.9,B
2021-06-11T09:07:23,1400.0,18.8,S
2021-06-11T09:07:20,600.0,18.8,S
2021-06-11T09:07:17,500.0,18.8,S
2021-06-11T09:07:00,200.0,18.8,B
2021-06-11T09:07:00,1000.0,18.8,B
2021-06-11T09:06:58,300.0,18.8,S
2021-06-11T09:06:54,700.0,18.8,B
2021-06-11T09:06:54,2300.0,18.8,B
2021-06-11T09:06:53,200.0,18.8,S
2021-06-11T09:06:28,1000.0,18.9,B
2021-06-11T09:06:25,5000.0,18.9,B
2021-06-11T09:06:18,1600.0,18.8,S
2021-06-11T09:06:17,100.0,18.8,S
2021-06-11T09:06:17,1000.0,18.8,S
2021-06-11T09:06:06,500.0,18.8,S
2021-06-11T09:06:01,3600.0,18.8,S
2021-06-11T09:05:53,300.0,18.8,S
2021-06-11T09:05:43,1500.0,18.9,B
2021-06-11T09:05:18,200.0,18.9,S
2021-06-11T09:05:11,100.0,19.0,B
2021-06-11T09:05:11,1500.0,18.9,S
2021-06-11T09:05:08,100.0,18.9,S
2021-06-11T09:05:06,200.0,19.0,B
2021-06-11T09:05:05,100.0,19.0,B
2021-06-11T09:05:04,200.0,18.9,S
2021-06-11T09:04:59,100.0,19.0,B
2021-06-11T09:04:54,1000.0,19.0,B
2021-06-11T09:04:46,300.0,19.0,B
2021-06-11T09:04:38,300.0,19.0,B
2021-06-11T09:04:28,3000.0,19.1,B
2021-06-11T09:04:25,900.0,19.0,S
2021-06-11T09:04:23,200.0,19.1,B
2021-06-11T09:04:21,2000.0,19.0,S
2021-06-11T09:04:20,500.0,19.0,S
2021-06-11T09:04:16,1000.0,19.0,S
2021-06-11T09:04:13,100.0,19.0,S
2021-06-11T09:04:00,500.0,19.0,S
2021-06-11T09:03:54,100.0,19.1,B
2021-06-11T09:03:53,400.0,19.1,S
2021-06-11T09:03:49,1900.0,19.4,B
2021-06-11T09:03:46,500.0,19.1,S
2021-06-11T09:03:44,200.0,19.2,B
2021-06-11T09:03:36,2000.0,19.1,S
2021-06-11T09:03:35,100.0,19.1,S
2021-06-11T09:03:34,1000.0,19.2,B
2021-06-11T09:03:30,3000.0,19.1,S
2021-06-11T09:03:17,5000.0,19.1,S
2021-06-11T09:03:16,100.0,19.4,B
2021-06-11T09:03:07,500.0,19.4,B
2021-06-11T09:03:06,200.0,19.3,S
2021-06-11T09:03:04,100.0,19.4,B
2021-06-11T09:02:57,1000.0,19.4,B
2021-06-11T09:02:50,100.0,19.4,B
2021-06-11T09:02:49,500.0,19.4,S
2021-06-11T09:02:35,500.0,19.4,B
2021-06-11T09:02:21,400.0,19.6,B
2021-06-11T09:02:12,1000.0,19.4,B
2021-06-11T09:02:09,1000.0,19.6,B
2021-06-11T09:01:54,1200.0,19.4,B
2021-06-11T09:01:31,500.0,19.6,B
2021-06-11T09:01:06,200.0,19.6,B
