tradingTime,volume,price,side
2021-06-11T14:30:12,100.0,26.05,S
2021-06-11T14:29:14,100.0,26.05,S
2021-06-11T14:29:04,5000.0,26.05,S
2021-06-11T14:26:55,1000.0,26.05,S
2021-06-11T14:26:17,400.0,26.05,S
2021-06-11T14:24:55,200.0,26.0,S
2021-06-11T14:24:55,900.0,26.0,S
2021-06-11T14:24:55,500.0,26.0,S
2021-06-11T14:24:55,8400.0,26.0,S
2021-06-11T14:24:49,500.0,26.05,S
2021-06-11T14:24:22,1000.0,26.05,S
2021-06-11T14:21:38,200.0,26.05,S
2021-06-11T14:21:15,4700.0,26.05,S
2021-06-11T14:21:15,300.0,26.05,S
2021-06-11T14:20:53,100.0,26.1,B
2021-06-11T14:20:33,2600.0,26.1,B
2021-06-11T14:19:00,2000.0,26.1,B
2021-06-11T14:18:15,400.0,26.05,S
2021-06-11T14:18:09,300.0,26.05,S
2021-06-11T14:18:05,500.0,26.1,B
2021-06-11T14:17:53,3000.0,26.1,B
2021-06-11T14:17:48,3300.0,26.1,B
2021-06-11T14:17:48,1700.0,26.1,B
2021-06-11T14:17:40,400.0,26.05,S
2021-06-11T14:16:01,100.0,26.1,B
2021-06-11T14:15:49,500.0,26.1,B
2021-06-11T14:15:23,100.0,26.1,B
2021-06-11T14:15:17,700.0,26.1,B
2021-06-11T14:15:07,1000.0,26.1,B
2021-06-11T14:12:48,100.0,26.1,B
2021-06-11T14:09:59,1300.0,26.1,B
2021-06-11T14:09:50,800.0,26.05,S
2021-06-11T14:07:17,100.0,26.1,S
2021-06-11T14:07:17,500.0,26.1,S
2021-06-11T14:07:17,800.0,26.1,S
2021-06-11T14:07:16,300.0,26.1,S
2021-06-11T14:07:16,1600.0,26.1,S
2021-06-11T14:07:16,1000.0,26.1,S
2021-06-11T14:07:16,1400.0,26.1,S
2021-06-11T14:07:16,5200.0,26.1,S
2021-06-11T14:07:16,1100.0,26.15,S
2021-06-11T14:07:16,3700.0,26.15,S
2021-06-11T14:05:45,1000.0,26.15,S
2021-06-11T14:04:58,700.0,26.15,S
2021-06-11T14:04:48,200.0,26.15,S
2021-06-11T14:04:08,300.0,26.2,B
2021-06-11T14:03:31,300.0,26.15,S
2021-06-11T14:03:31,700.0,26.15,S
2021-06-11T14:03:05,1000.0,26.2,B
2021-06-11T14:01:56,100.0,26.2,B
2021-06-11T13:59:18,300.0,26.2,B
2021-06-11T13:59:16,100.0,26.15,S
2021-06-11T13:58:31,600.0,26.2,B
2021-06-11T13:57:57,3000.0,26.15,S
2021-06-11T13:57:57,200.0,26.15,S
2021-06-11T13:57:57,800.0,26.15,S
2021-06-11T13:56:08,1000.0,26.15,S
2021-06-11T13:55:56,5000.0,26.2,B
2021-06-11T13:52:16,100.0,26.2,B
2021-06-11T13:52:00,1500.0,26.15,S
2021-06-11T13:51:14,100.0,26.2,B
2021-06-11T13:51:06,300.0,26.2,B
2021-06-11T13:50:25,200.0,26.2,S
2021-06-11T13:50:22,100.0,26.2,S
2021-06-11T13:50:01,1400.0,26.2,S
2021-06-11T13:49:03,100.0,26.2,S
2021-06-11T13:48:26,300.0,26.2,B
2021-06-11T13:47:39,200.0,26.2,B
2021-06-11T13:47:01,4200.0,26.2,B
2021-06-11T13:45:51,300.0,26.15,S
2021-06-11T13:45:15,100.0,26.15,S
2021-06-11T13:44:23,100.0,26.2,B
2021-06-11T13:44:23,200.0,26.2,B
2021-06-11T13:44:00,300.0,26.2,B
2021-06-11T13:43:50,5000.0,26.2,B
2021-06-11T13:43:38,600.0,26.2,B
2021-06-11T13:43:28,1000.0,26.2,S
2021-06-11T13:43:28,9100.0,26.2,S
2021-06-11T13:43:27,100.0,26.2,S
2021-06-11T13:43:09,2500.0,26.2,S
2021-06-11T13:43:09,500.0,26.2,S
2021-06-11T13:43:09,1000.0,26.2,S
2021-06-11T13:43:09,4600.0,26.2,S
2021-06-11T13:43:05,2000.0,26.2,S
2021-06-11T13:42:46,800.0,26.25,S
2021-06-11T13:42:46,1200.0,26.25,S
2021-06-11T13:42:42,100.0,26.25,S
2021-06-11T13:42:38,1000.0,26.3,B
2021-06-11T13:42:15,100.0,26.3,B
2021-06-11T13:41:12,2000.0,26.3,B
2021-06-11T13:40:05,1000.0,26.3,B
2021-06-11T13:39:51,200.0,26.25,S
2021-06-11T13:39:06,500.0,26.3,B
2021-06-11T13:38:57,3000.0,26.3,B
2021-06-11T13:38:22,4000.0,26.3,B
2021-06-11T13:37:50,3000.0,26.3,B
2021-06-11T13:37:25,100.0,26.2,S
2021-06-11T13:37:02,1100.0,26.2,S
2021-06-11T13:37:02,1300.0,26.25,S
2021-06-11T13:37:02,100.0,26.25,S
2021-06-11T13:37:02,500.0,26.25,S
2021-06-11T13:35:44,3000.0,26.3,B
2021-06-11T13:35:19,100.0,26.3,S
2021-06-11T13:35:19,2500.0,26.3,S
2021-06-11T13:35:19,3100.0,26.3,S
2021-06-11T13:35:17,100.0,26.3,S
2021-06-11T13:34:53,300.0,26.3,S
2021-06-11T13:34:47,300.0,26.3,S
2021-06-11T13:34:26,2000.0,26.3,S
2021-06-11T13:33:46,1000.0,26.3,S
2021-06-11T13:33:46,100.0,26.35,B
2021-06-11T13:33:38,100.0,26.3,S
2021-06-11T13:33:35,100.0,26.3,S
2021-06-11T13:33:14,200.0,26.35,B
2021-06-11T13:32:37,100.0,26.35,S
2021-06-11T13:32:35,100.0,26.35,S
2021-06-11T13:32:02,100.0,26.35,S
2021-06-11T13:31:50,4200.0,26.35,S
2021-06-11T13:31:50,16500.0,26.35,S
2021-06-11T13:31:50,100.0,26.35,S
2021-06-11T13:31:36,100.0,26.4,B
2021-06-11T13:31:35,500.0,26.4,B
2021-06-11T13:31:35,200.0,26.4,B
2021-06-11T13:31:35,4200.0,26.4,B
2021-06-11T13:31:22,100.0,26.35,S
2021-06-11T13:30:32,200.0,26.35,S
2021-06-11T13:30:17,200.0,26.35,S
2021-06-11T13:29:50,200.0,26.4,B
2021-06-11T13:29:37,1700.0,26.35,S
2021-06-11T13:29:37,300.0,26.35,S
2021-06-11T13:28:34,5000.0,26.4,B
2021-06-11T13:28:21,100.0,26.4,B
2021-06-11T13:27:12,1100.0,26.35,S
2021-06-11T13:26:57,1800.0,26.4,B
2021-06-11T13:26:51,1500.0,26.35,S
2021-06-11T13:26:39,200.0,26.4,B
2021-06-11T13:26:09,400.0,26.4,S
2021-06-11T13:26:09,3000.0,26.4,S
2021-06-11T13:26:09,1000.0,26.4,S
2021-06-11T13:26:09,400.0,26.4,S
2021-06-11T13:26:08,100.0,26.4,S
2021-06-11T13:26:06,100.0,26.4,S
2021-06-11T13:25:50,300.0,26.4,S
2021-06-11T13:25:02,3700.0,26.4,S
2021-06-11T13:25:01,6300.0,26.4,S
2021-06-11T13:24:43,200.0,26.4,S
2021-06-11T13:24:34,100.0,26.4,S
2021-06-11T13:24:30,200.0,26.45,B
2021-06-11T13:24:28,100.0,26.4,S
2021-06-11T13:24:25,1000.0,26.4,S
2021-06-11T13:23:42,100.0,26.4,S
2021-06-11T13:23:37,2000.0,26.4,S
2021-06-11T13:22:05,200.0,26.4,S
2021-06-11T13:21:58,2000.0,26.45,B
2021-06-11T13:21:07,300.0,26.4,S
2021-06-11T13:20:47,200.0,26.4,S
2021-06-11T13:19:57,100.0,26.4,S
2021-06-11T13:19:07,100.0,26.4,S
2021-06-11T13:18:56,100.0,26.4,S
2021-06-11T13:18:49,2500.0,26.4,S
2021-06-11T13:18:49,500.0,26.4,S
2021-06-11T13:18:43,200.0,26.4,S
2021-06-11T13:18:37,100.0,26.4,S
2021-06-11T13:18:28,500.0,26.4,S
2021-06-11T13:17:16,100.0,26.4,B
2021-06-11T13:17:06,1000.0,26.4,B
2021-06-11T13:17:00,200.0,26.45,B
2021-06-11T13:16:50,100.0,26.4,B
2021-06-11T13:16:45,100.0,26.4,B
2021-06-11T13:15:49,1500.0,26.45,B
2021-06-11T13:15:21,100.0,26.4,B
2021-06-11T13:14:30,3900.0,26.4,B
2021-06-11T13:14:26,200.0,26.4,B
2021-06-11T13:14:23,500.0,26.4,B
2021-06-11T13:14:23,1500.0,26.4,B
2021-06-11T13:14:05,500.0,26.4,B
2021-06-11T13:13:41,200.0,26.4,B
2021-06-11T13:13:41,3000.0,26.4,B
2021-06-11T13:13:26,200.0,26.35,S
2021-06-11T13:12:41,1900.0,26.4,B
2021-06-11T13:12:41,1500.0,26.4,B
2021-06-11T13:12:41,300.0,26.4,B
2021-06-11T13:12:41,1200.0,26.4,B
2021-06-11T13:12:41,5200.0,26.4,B
2021-06-11T13:12:41,800.0,26.4,B
2021-06-11T13:12:41,1000.0,26.4,B
2021-06-11T13:12:41,600.0,26.4,B
2021-06-11T13:12:41,6700.0,26.4,B
2021-06-11T13:12:41,200.0,26.4,B
2021-06-11T13:12:41,300.0,26.4,B
2021-06-11T13:12:41,400.0,26.4,B
2021-06-11T13:12:41,2200.0,26.4,B
2021-06-11T13:12:41,3700.0,26.4,B
2021-06-11T13:12:41,800.0,26.4,B
2021-06-11T13:12:40,4700.0,26.4,B
2021-06-11T13:12:24,1900.0,26.35,S
2021-06-11T13:12:07,1000.0,26.4,B
2021-06-11T13:11:02,100.0,26.4,B
2021-06-11T13:10:34,1000.0,26.4,B
2021-06-11T13:09:22,100.0,26.4,B
2021-06-11T13:08:21,6000.0,26.35,S
2021-06-11T13:08:16,1100.0,26.4,B
2021-06-11T13:07:58,4000.0,26.4,B
2021-06-11T13:07:36,800.0,26.4,B
2021-06-11T13:07:16,2000.0,26.35,S
2021-06-11T13:07:11,100.0,26.35,S
2021-06-11T13:06:55,2000.0,26.4,B
2021-06-11T13:06:55,2100.0,26.4,B
2021-06-11T13:06:42,400.0,26.4,B
2021-06-11T13:06:42,100.0,26.4,B
2021-06-11T13:06:42,700.0,26.4,B
2021-06-11T13:06:42,2400.0,26.4,B
2021-06-11T13:06:42,200.0,26.4,B
2021-06-11T13:06:41,300.0,26.4,B
2021-06-11T13:06:41,500.0,26.4,B
2021-06-11T13:06:41,5400.0,26.4,B
2021-06-11T13:05:35,1000.0,26.4,B
2021-06-11T11:30:07,1000.0,26.4,B
2021-06-11T11:29:00,1000.0,26.4,B
2021-06-11T11:28:07,6500.0,26.35,S
2021-06-11T11:28:06,1500.0,26.35,S
2021-06-11T11:28:00,1000.0,26.35,S
2021-06-11T11:27:26,12000.0,26.35,S
2021-06-11T11:26:55,500.0,26.4,B
2021-06-11T11:26:45,3600.0,26.35,S
2021-06-11T11:26:25,400.0,26.4,B
2021-06-11T11:25:46,1000.0,26.4,B
2021-06-11T11:25:41,300.0,26.4,B
2021-06-11T11:25:34,1000.0,26.4,B
2021-06-11T11:25:27,100.0,26.35,S
2021-06-11T11:25:11,6000.0,26.4,B
2021-06-11T11:25:00,100.0,26.35,S
2021-06-11T11:24:50,1000.0,26.4,B
2021-06-11T11:24:46,100.0,26.35,S
2021-06-11T11:24:44,600.0,26.35,S
2021-06-11T11:23:06,1300.0,26.35,S
2021-06-11T11:22:44,300.0,26.35,S
2021-06-11T11:22:38,400.0,26.35,S
2021-06-11T11:22:34,300.0,26.4,B
2021-06-11T11:22:34,1300.0,26.4,B
2021-06-11T11:22:21,1100.0,26.4,B
2021-06-11T11:22:09,100.0,26.35,B
2021-06-11T11:21:41,500.0,26.4,B
2021-06-11T11:21:40,300.0,26.4,B
2021-06-11T11:21:00,4000.0,26.4,B
2021-06-11T11:20:48,100.0,26.4,B
2021-06-11T11:20:47,400.0,26.4,B
2021-06-11T11:20:15,3800.0,26.4,B
2021-06-11T11:19:49,200.0,26.4,B
2021-06-11T11:19:14,100.0,26.4,B
2021-06-11T11:18:45,1000.0,26.4,B
2021-06-11T11:18:23,4600.0,26.4,B
2021-06-11T11:17:47,100.0,26.4,B
2021-06-11T11:16:59,32900.0,26.4,B
2021-06-11T11:16:59,7800.0,26.35,B
2021-06-11T11:16:59,11000.0,26.35,B
2021-06-11T11:16:59,200.0,26.35,B
2021-06-11T11:16:59,2200.0,26.35,B
2021-06-11T11:16:59,1200.0,26.35,B
2021-06-11T11:16:59,1000.0,26.35,B
2021-06-11T11:16:58,6000.0,26.35,B
2021-06-11T11:16:58,4000.0,26.35,B
2021-06-11T11:16:58,1000.0,26.35,B
2021-06-11T11:16:58,11800.0,26.35,B
2021-06-11T11:16:58,600.0,26.35,B
2021-06-11T11:16:58,6600.0,26.35,B
2021-06-11T11:16:58,2100.0,26.3,B
2021-06-11T11:16:58,11600.0,26.3,B
2021-06-11T11:16:30,1800.0,26.3,B
2021-06-11T11:16:27,200.0,26.3,B
2021-06-11T11:15:49,1000.0,26.3,B
2021-06-11T11:15:21,1000.0,26.3,B
2021-06-11T11:15:04,400.0,26.3,B
2021-06-11T11:14:57,500.0,26.3,B
2021-06-11T11:14:57,200.0,26.3,B
2021-06-11T11:14:50,1000.0,26.3,B
2021-06-11T11:14:33,600.0,26.3,B
2021-06-11T11:14:01,4000.0,26.3,B
2021-06-11T11:13:11,600.0,26.2,S
2021-06-11T11:12:09,1000.0,26.2,S
2021-06-11T11:11:44,1000.0,26.2,S
2021-06-11T11:11:29,2000.0,26.3,B
2021-06-11T11:11:21,700.0,26.2,S
2021-06-11T11:11:21,1300.0,26.2,S
2021-06-11T11:11:21,1000.0,26.25,S
2021-06-11T11:09:16,300.0,26.3,B
2021-06-11T11:09:04,1000.0,26.2,S
2021-06-11T11:09:04,1000.0,26.2,S
2021-06-11T11:08:57,300.0,26.2,S
2021-06-11T11:08:43,800.0,26.2,S
2021-06-11T11:08:43,1200.0,26.25,S
2021-06-11T11:08:32,1000.0,26.3,B
2021-06-11T11:08:21,700.0,26.25,S
2021-06-11T11:07:24,3000.0,26.3,S
2021-06-11T11:07:24,3000.0,26.3,S
2021-06-11T11:06:26,1000.0,26.35,B
2021-06-11T11:06:24,100.0,26.3,S
2021-06-11T11:06:23,1000.0,26.3,S
2021-06-11T11:06:11,100.0,26.3,S
2021-06-11T11:05:58,300.0,26.35,B
2021-06-11T11:05:55,900.0,26.3,B
2021-06-11T11:05:32,200.0,26.3,B
2021-06-11T11:05:13,200.0,26.3,S
2021-06-11T11:05:13,500.0,26.3,S
2021-06-11T11:05:04,1500.0,26.3,S
2021-06-11T11:05:04,2500.0,26.3,S
2021-06-11T11:04:55,100.0,26.3,B
2021-06-11T11:04:41,400.0,26.3,B
2021-06-11T11:04:37,500.0,26.3,B
2021-06-11T11:04:35,300.0,26.3,B
2021-06-11T11:04:32,1000.0,26.3,B
2021-06-11T11:04:31,1000.0,26.3,B
2021-06-11T11:04:24,100.0,26.3,B
2021-06-11T11:04:04,100.0,26.3,B
2021-06-11T11:04:03,200.0,26.3,B
2021-06-11T11:03:52,400.0,26.3,B
2021-06-11T11:03:35,2000.0,26.3,B
2021-06-11T11:03:25,500.0,26.3,B
2021-06-11T11:03:01,100.0,26.3,B
2021-06-11T11:02:45,300.0,26.3,B
2021-06-11T10:59:57,3000.0,26.35,B
2021-06-11T10:59:52,300.0,26.3,S
2021-06-11T10:59:48,1500.0,26.3,S
2021-06-11T10:59:43,6300.0,26.3,S
2021-06-11T10:59:43,3700.0,26.3,S
2021-06-11T10:59:37,6300.0,26.3,S
2021-06-11T10:59:27,200.0,26.3,S
2021-06-11T10:59:10,100.0,26.3,S
2021-06-11T10:59:10,1500.0,26.3,S
2021-06-11T10:58:51,600.0,26.3,S
2021-06-11T10:58:40,100.0,26.3,S
2021-06-11T10:57:50,200.0,26.3,S
2021-06-11T10:57:43,1000.0,26.3,S
2021-06-11T10:57:34,200.0,26.3,S
2021-06-11T10:57:34,500.0,26.3,S
2021-06-11T10:57:31,100.0,26.3,S
2021-06-11T10:57:30,200.0,26.35,B
2021-06-11T10:57:25,200.0,26.35,B
2021-06-11T10:57:09,100.0,26.3,S
2021-06-11T10:56:59,1000.0,26.35,B
2021-06-11T10:56:18,9000.0,26.35,B
2021-06-11T10:56:01,400.0,26.35,B
2021-06-11T10:55:35,500.0,26.35,B
2021-06-11T10:55:19,100.0,26.3,B
2021-06-11T10:55:13,700.0,26.3,B
2021-06-11T10:54:55,1000.0,26.3,S
2021-06-11T10:54:34,4000.0,26.3,S
2021-06-11T10:54:22,1000.0,26.3,S
2021-06-11T10:54:14,2000.0,26.3,S
2021-06-11T10:54:12,100.0,26.3,S
2021-06-11T10:54:10,200.0,26.3,S
2021-06-11T10:54:07,1000.0,26.3,S
2021-06-11T10:53:54,200.0,26.3,S
2021-06-11T10:53:37,200.0,26.3,S
2021-06-11T10:53:24,500.0,26.3,S
2021-06-11T10:53:15,300.0,26.3,S
2021-06-11T10:52:55,300.0,26.3,S
2021-06-11T10:52:38,400.0,26.35,B
2021-06-11T10:52:36,6000.0,26.3,S
2021-06-11T10:51:57,500.0,26.3,S
2021-06-11T10:51:46,200.0,26.3,S
2021-06-11T10:51:39,5000.0,26.35,B
2021-06-11T10:51:36,200.0,26.3,S
2021-06-11T10:51:36,5000.0,26.3,S
2021-06-11T10:51:36,1800.0,26.3,S
2021-06-11T10:51:35,100.0,26.3,S
2021-06-11T10:51:35,1300.0,26.3,S
2021-06-11T10:51:35,600.0,26.3,S
2021-06-11T10:51:35,3500.0,26.3,S
2021-06-11T10:51:35,1200.0,26.3,S
2021-06-11T10:51:35,300.0,26.3,S
2021-06-11T10:51:35,10100.0,26.3,S
2021-06-11T10:51:35,5000.0,26.3,S
2021-06-11T10:51:35,2300.0,26.3,S
2021-06-11T10:51:35,5000.0,26.3,S
2021-06-11T10:51:35,10100.0,26.3,S
2021-06-11T10:51:35,8700.0,26.3,S
2021-06-11T10:50:32,100.0,26.3,S
2021-06-11T10:50:23,500.0,26.35,B
2021-06-11T10:49:56,1000.0,26.35,B
2021-06-11T10:49:20,1200.0,26.35,B
2021-06-11T10:49:04,400.0,26.35,B
2021-06-11T10:48:42,1000.0,26.35,S
2021-06-11T10:48:06,1500.0,26.35,S
2021-06-11T10:48:06,1500.0,26.35,S
2021-06-11T10:48:06,1400.0,26.35,S
2021-06-11T10:47:58,600.0,26.35,S
2021-06-11T10:47:52,1000.0,26.35,S
2021-06-11T10:47:44,200.0,26.35,S
2021-06-11T10:47:39,700.0,26.35,S
2021-06-11T10:47:23,1600.0,26.35,S
2021-06-11T10:47:09,100.0,26.35,S
2021-06-11T10:46:47,200.0,26.35,S
2021-06-11T10:46:37,100.0,26.35,S
2021-06-11T10:46:17,1200.0,26.35,S
2021-06-11T10:46:00,600.0,26.35,S
2021-06-11T10:46:00,2000.0,26.4,B
2021-06-11T10:45:31,500.0,26.4,B
2021-06-11T10:45:30,3000.0,26.4,B
2021-06-11T10:45:27,300.0,26.35,S
2021-06-11T10:45:26,1000.0,26.4,B
2021-06-11T10:45:11,1000.0,26.35,S
2021-06-11T10:45:11,19000.0,26.35,S
2021-06-11T10:45:03,100.0,26.4,B
2021-06-11T10:45:02,1000.0,26.4,B
2021-06-11T10:45:02,7500.0,26.4,B
2021-06-11T10:44:05,1900.0,26.4,B
2021-06-11T10:43:52,100.0,26.35,S
2021-06-11T10:43:52,1000.0,26.35,S
2021-06-11T10:43:15,1000.0,26.35,S
2021-06-11T10:43:02,300.0,26.4,B
2021-06-11T10:42:20,5000.0,26.35,B
2021-06-11T10:42:00,1000.0,26.35,B
2021-06-11T10:42:00,800.0,26.35,B
2021-06-11T10:41:58,200.0,26.35,B
2021-06-11T10:41:51,500.0,26.35,B
2021-06-11T10:41:49,200.0,26.35,B
2021-06-11T10:41:48,3000.0,26.35,B
2021-06-11T10:41:47,500.0,26.35,B
2021-06-11T10:41:35,400.0,26.35,B
2021-06-11T10:41:35,200.0,26.35,B
2021-06-11T10:41:35,4400.0,26.35,B
2021-06-11T10:41:31,100.0,26.35,B
2021-06-11T10:41:29,100.0,26.35,B
2021-06-11T10:41:28,100.0,26.35,B
2021-06-11T10:41:25,500.0,26.35,B
2021-06-11T10:41:22,1500.0,26.35,B
2021-06-11T10:41:18,1000.0,26.35,B
2021-06-11T10:41:01,300.0,26.35,B
2021-06-11T10:40:59,5000.0,26.35,B
2021-06-11T10:40:41,200.0,26.35,B
2021-06-11T10:40:04,3000.0,26.35,B
2021-06-11T10:39:48,500.0,26.35,B
2021-06-11T10:39:20,300.0,26.35,B
2021-06-11T10:39:08,1000.0,26.35,B
2021-06-11T10:38:32,500.0,26.35,B
2021-06-11T10:38:27,3000.0,26.35,B
2021-06-11T10:38:26,300.0,26.35,B
2021-06-11T10:38:19,3000.0,26.3,S
2021-06-11T10:37:46,5000.0,26.35,B
2021-06-11T10:37:27,1000.0,26.35,B
2021-06-11T10:36:54,200.0,26.35,B
2021-06-11T10:36:50,100.0,26.35,B
2021-06-11T10:36:50,600.0,26.35,B
2021-06-11T10:36:25,100.0,26.35,B
2021-06-11T10:36:24,2000.0,26.35,B
2021-06-11T10:36:16,400.0,26.35,S
2021-06-11T10:36:10,9000.0,26.35,S
2021-06-11T10:35:53,300.0,26.4,B
2021-06-11T10:35:50,300.0,26.35,S
2021-06-11T10:35:49,3000.0,26.35,S
2021-06-11T10:35:46,300.0,26.35,S
2021-06-11T10:35:29,5000.0,26.4,B
2021-06-11T10:35:28,100.0,26.4,B
2021-06-11T10:34:57,100.0,26.4,B
2021-06-11T10:34:53,200.0,26.4,B
2021-06-11T10:34:34,1000.0,26.4,B
2021-06-11T10:34:17,100.0,26.4,B
2021-06-11T10:34:08,1000.0,26.4,B
2021-06-11T10:33:51,100.0,26.4,B
2021-06-11T10:33:43,100.0,26.4,B
2021-06-11T10:33:19,2500.0,26.4,B
2021-06-11T10:33:17,4200.0,26.4,B
2021-06-11T10:33:03,200.0,26.4,B
2021-06-11T10:32:08,1000.0,26.4,B
2021-06-11T10:32:07,600.0,26.4,B
2021-06-11T10:31:58,400.0,26.35,S
2021-06-11T10:31:58,9200.0,26.35,S
2021-06-11T10:31:58,400.0,26.35,S
2021-06-11T10:31:58,1800.0,26.35,S
2021-06-11T10:31:55,600.0,26.4,B
2021-06-11T10:31:33,1000.0,26.35,S
2021-06-11T10:31:25,100.0,26.35,S
2021-06-11T10:31:25,1700.0,26.4,B
2021-06-11T10:30:56,100.0,26.35,S
2021-06-11T10:30:49,800.0,26.35,S
2021-06-11T10:30:40,100.0,26.35,S
2021-06-11T10:30:19,500.0,26.35,S
2021-06-11T10:30:09,100.0,26.35,S
2021-06-11T10:29:41,100.0,26.35,B
2021-06-11T10:29:37,100.0,26.35,B
2021-06-11T10:29:30,4000.0,26.35,B
2021-06-11T10:29:19,1000.0,26.35,B
2021-06-11T10:29:14,4700.0,26.35,B
2021-06-11T10:29:14,100.0,26.3,S
2021-06-11T10:29:07,1600.0,26.35,B
2021-06-11T10:28:58,1600.0,26.35,B
2021-06-11T10:28:52,1000.0,26.35,B
2021-06-11T10:28:52,800.0,26.35,B
2021-06-11T10:28:43,1900.0,26.35,B
2021-06-11T10:28:39,3000.0,26.3,S
2021-06-11T10:28:17,3000.0,26.3,S
2021-06-11T10:28:04,1000.0,26.35,B
2021-06-11T10:27:46,100.0,26.35,B
2021-06-11T10:27:44,1600.0,26.35,B
2021-06-11T10:27:39,2000.0,26.3,S
2021-06-11T10:27:31,200.0,26.35,B
2021-06-11T10:27:25,100.0,26.35,B
2021-06-11T10:27:16,2000.0,26.35,B
2021-06-11T10:27:10,400.0,26.35,B
2021-06-11T10:27:09,600.0,26.35,B
2021-06-11T10:27:08,300.0,26.35,B
2021-06-11T10:26:18,200.0,26.3,S
2021-06-11T10:26:15,100.0,26.3,S
2021-06-11T10:26:06,200.0,26.3,B
2021-06-11T10:26:06,200.0,26.3,B
2021-06-11T10:26:04,300.0,26.3,B
2021-06-11T10:25:54,100.0,26.3,B
2021-06-11T10:25:54,1100.0,26.3,B
2021-06-11T10:25:54,200.0,26.3,B
2021-06-11T10:25:54,900.0,26.3,B
2021-06-11T10:25:49,3000.0,26.3,B
2021-06-11T10:25:41,500.0,26.3,B
2021-06-11T10:25:40,500.0,26.3,B
2021-06-11T10:25:05,700.0,26.25,S
2021-06-11T10:25:01,500.0,26.3,B
2021-06-11T10:24:53,400.0,26.3,B
2021-06-11T10:24:53,100.0,26.25,S
2021-06-11T10:24:12,1000.0,26.3,B
2021-06-11T10:23:54,200.0,26.3,B
2021-06-11T10:23:31,200.0,26.3,B
2021-06-11T10:23:30,1000.0,26.3,B
2021-06-11T10:23:27,2000.0,26.3,B
2021-06-11T10:23:06,500.0,26.35,B
2021-06-11T10:22:43,2000.0,26.2,S
2021-06-11T10:22:39,400.0,26.35,B
2021-06-11T10:22:39,2000.0,26.3,B
2021-06-11T10:22:39,2300.0,26.3,B
2021-06-11T10:22:39,300.0,26.3,B
2021-06-11T10:22:39,1200.0,26.3,B
2021-06-11T10:22:39,200.0,26.3,B
2021-06-11T10:22:38,1000.0,26.3,B
2021-06-11T10:22:38,600.0,26.3,B
2021-06-11T10:22:34,1000.0,26.2,S
2021-06-11T10:22:30,100.0,26.2,B
2021-06-11T10:22:27,300.0,26.2,B
2021-06-11T10:22:21,9100.0,26.2,B
2021-06-11T10:22:21,6800.0,26.2,B
2021-06-11T10:22:10,500.0,26.2,B
2021-06-11T10:22:07,100.0,26.2,B
2021-06-11T10:21:45,1000.0,26.2,B
2021-06-11T10:21:45,1000.0,26.2,B
2021-06-11T10:21:25,1000.0,26.15,B
2021-06-11T10:21:24,100.0,26.1,S
2021-06-11T10:21:01,900.0,26.1,B
2021-06-11T10:20:50,1800.0,26.1,B
2021-06-11T10:20:46,1000.0,26.1,B
2021-06-11T10:20:46,500.0,26.1,B
2021-06-11T10:20:46,1000.0,26.1,B
2021-06-11T10:20:12,2100.0,26.1,B
2021-06-11T10:20:12,2200.0,26.1,B
2021-06-11T10:20:12,700.0,26.1,B
2021-06-11T10:20:02,300.0,26.0,B
2021-06-11T10:20:01,3700.0,26.0,B
2021-06-11T10:19:43,2600.0,26.0,B
2021-06-11T10:19:43,800.0,26.0,B
2021-06-11T10:19:43,2000.0,26.0,B
2021-06-11T10:19:43,1200.0,26.0,B
2021-06-11T10:19:43,7400.0,26.0,B
2021-06-11T10:19:34,1000.0,26.0,B
2021-06-11T10:19:32,100.0,26.0,B
2021-06-11T10:17:38,200.0,25.9,S
2021-06-11T10:16:42,1000.0,26.0,B
2021-06-11T10:16:42,500.0,26.0,B
2021-06-11T10:16:42,3500.0,26.0,B
2021-06-11T10:15:37,100.0,25.9,S
2021-06-11T10:15:03,1000.0,26.0,B
2021-06-11T10:14:37,9500.0,26.0,B
2021-06-11T10:14:37,7100.0,26.0,B
2021-06-11T10:14:37,8000.0,26.0,B
2021-06-11T10:14:37,3600.0,26.0,B
2021-06-11T10:14:37,500.0,26.0,B
2021-06-11T10:14:37,900.0,26.0,B
2021-06-11T10:14:37,200.0,26.0,B
2021-06-11T10:14:37,55800.0,26.0,B
2021-06-11T10:14:37,200.0,25.95,B
2021-06-11T10:14:37,7600.0,25.95,B
2021-06-11T10:14:36,200.0,25.9,B
2021-06-11T10:14:36,6400.0,25.9,B
2021-06-11T10:14:34,2600.0,25.85,S
2021-06-11T10:12:49,100.0,25.85,S
2021-06-11T10:09:32,1000.0,25.8,B
2021-06-11T10:09:17,1300.0,25.8,B
2021-06-11T10:09:06,200.0,25.8,B
2021-06-11T10:08:57,300.0,25.8,B
2021-06-11T10:08:24,1000.0,25.8,S
2021-06-11T10:08:24,3000.0,25.8,S
2021-06-11T10:08:24,1000.0,25.8,S
2021-06-11T10:08:24,2700.0,25.8,S
2021-06-11T10:07:07,100.0,25.8,S
2021-06-11T10:05:02,100.0,25.9,B
2021-06-11T10:04:29,200.0,25.9,B
2021-06-11T10:03:26,100.0,25.9,B
2021-06-11T10:02:35,1900.0,25.8,S
2021-06-11T10:02:33,200.0,25.8,S
2021-06-11T10:02:09,900.0,25.8,S
2021-06-11T10:01:38,1500.0,25.8,S
2021-06-11T10:01:37,900.0,25.8,S
2021-06-11T10:01:16,1900.0,25.8,S
2021-06-11T10:01:16,1200.0,25.8,S
2021-06-11T10:01:16,5500.0,25.8,S
2021-06-11T09:59:38,1100.0,25.8,S
2021-06-11T09:58:10,500.0,25.9,B
2021-06-11T09:57:43,2000.0,25.9,B
2021-06-11T09:57:40,500.0,25.9,B
2021-06-11T09:57:03,200.0,25.9,B
2021-06-11T09:57:02,800.0,25.85,S
2021-06-11T09:56:58,1000.0,25.85,S
2021-06-11T09:56:29,1900.0,25.85,S
2021-06-11T09:56:27,2000.0,25.9,B
2021-06-11T09:56:20,5000.0,25.85,S
2021-06-11T09:55:20,200.0,25.85,S
2021-06-11T09:54:19,1000.0,25.85,S
2021-06-11T09:51:47,1000.0,25.85,S
2021-06-11T09:51:32,5000.0,25.9,B
2021-06-11T09:51:05,3000.0,25.9,B
2021-06-11T09:50:54,1000.0,25.9,B
2021-06-11T09:50:28,5200.0,25.9,B
2021-06-11T09:50:04,500.0,25.9,B
2021-06-11T09:48:11,1500.0,25.85,S
2021-06-11T09:48:03,4200.0,25.9,B
2021-06-11T09:46:22,500.0,25.9,B
2021-06-11T09:46:06,2000.0,25.9,B
2021-06-11T09:45:32,900.0,25.85,S
2021-06-11T09:45:19,1000.0,25.9,B
2021-06-11T09:44:17,5000.0,25.85,B
2021-06-11T09:42:47,5600.0,25.8,B
2021-06-11T09:40:25,700.0,25.75,B
2021-06-11T09:40:06,300.0,25.75,B
2021-06-11T09:40:02,4700.0,25.75,B
2021-06-11T09:39:54,200.0,25.75,B
2021-06-11T09:39:20,2000.0,25.75,B
2021-06-11T09:39:13,100.0,25.75,B
2021-06-11T09:38:48,100.0,25.75,S
2021-06-11T09:38:44,100.0,25.75,S
2021-06-11T09:38:44,2200.0,25.75,S
2021-06-11T09:38:44,3000.0,25.75,S
2021-06-11T09:38:32,2000.0,25.75,S
2021-06-11T09:37:09,100.0,25.75,S
2021-06-11T09:36:51,400.0,25.75,S
2021-06-11T09:36:42,100.0,25.75,S
2021-06-11T09:35:17,500.0,25.8,B
2021-06-11T09:34:39,100.0,25.8,B
2021-06-11T09:34:20,3800.0,25.8,S
2021-06-11T09:34:06,10000.0,25.8,S
2021-06-11T09:32:44,3500.0,25.9,S
2021-06-11T09:32:27,100.0,25.9,S
2021-06-11T09:32:23,1900.0,25.9,S
2021-06-11T09:32:22,200.0,25.9,S
2021-06-11T09:32:10,3000.0,25.9,S
2021-06-11T09:31:16,200.0,25.9,S
2021-06-11T09:29:34,200.0,25.95,B
2021-06-11T09:29:05,900.0,25.95,B
2021-06-11T09:28:18,100.0,25.9,S
2021-06-11T09:28:17,8400.0,25.95,S
2021-06-11T09:27:55,500.0,26.0,B
2021-06-11T09:27:30,300.0,25.95,S
2021-06-11T09:27:11,1000.0,25.95,S
2021-06-11T09:26:48,300.0,25.95,S
2021-06-11T09:26:21,6000.0,25.95,S
2021-06-11T09:25:16,100.0,25.95,S
2021-06-11T09:25:10,100.0,25.95,S
2021-06-11T09:24:59,500.0,25.95,S
2021-06-11T09:24:37,100.0,25.95,S
2021-06-11T09:24:29,500.0,26.0,B
2021-06-11T09:24:00,800.0,26.0,B
2021-06-11T09:23:46,1000.0,26.0,B
2021-06-11T09:23:22,200.0,26.0,B
2021-06-11T09:23:15,200.0,26.0,B
2021-06-11T09:23:13,100.0,26.0,B
2021-06-11T09:23:04,1000.0,26.0,B
2021-06-11T09:22:50,600.0,26.0,B
2021-06-11T09:22:11,100.0,26.0,B
2021-06-11T09:21:42,300.0,26.0,B
2021-06-11T09:21:08,300.0,26.0,B
2021-06-11T09:21:06,2000.0,26.0,B
2021-06-11T09:20:51,200.0,26.0,B
2021-06-11T09:20:24,500.0,26.0,B
2021-06-11T09:19:45,1800.0,26.0,B
2021-06-11T09:19:44,200.0,25.9,B
2021-06-11T09:19:31,800.0,25.8,S
2021-06-11T09:17:45,700.0,25.8,B
2021-06-11T09:17:22,500.0,25.8,B
2021-06-11T09:17:21,500.0,25.7,S
2021-06-11T09:17:20,3400.0,25.7,S
2021-06-11T09:16:49,100.0,25.8,B
2021-06-11T09:16:32,200.0,25.7,S
