tradingTime,volume,price,side
2021-06-11T14:30:37,2900.0,3.12,B
2021-06-11T14:30:22,700.0,3.12,B
2021-06-11T14:29:27,3400.0,3.12,B
2021-06-11T14:29:25,100.0,3.1,S
2021-06-11T14:27:14,500.0,3.12,B
2021-06-11T14:23:11,5000.0,3.12,B
2021-06-11T14:20:00,200.0,3.12,B
2021-06-11T14:18:42,100.0,3.09,S
2021-06-11T14:14:31,700.0,3.12,B
2021-06-11T14:14:26,100.0,3.1,S
2021-06-11T14:09:25,3100.0,3.1,B
2021-06-11T14:08:46,500.0,3.09,B
2021-06-11T14:08:31,400.0,3.09,B
2021-06-11T14:05:52,100.0,3.09,B
2021-06-11T14:03:29,900.0,3.09,B
2021-06-11T14:02:05,100.0,3.07,B
2021-06-11T14:01:09,300.0,3.06,B
2021-06-11T14:00:08,100.0,3.05,S
2021-06-11T13:58:57,8000.0,3.05,S
2021-06-11T13:58:53,4600.0,3.06,B
2021-06-11T13:58:27,200.0,3.06,B
2021-06-11T13:57:58,100.0,3.06,B
2021-06-11T13:57:44,500.0,3.06,B
2021-06-11T13:57:28,1200.0,3.06,B
2021-06-11T13:55:37,3200.0,3.06,B
2021-06-11T13:55:34,1000.0,3.06,B
2021-06-11T13:52:27,600.0,3.05,S
2021-06-11T13:51:43,400.0,3.05,S
2021-06-11T13:51:15,100.0,3.06,B
2021-06-11T13:50:59,100.0,3.06,B
2021-06-11T13:50:52,100.0,3.06,B
2021-06-11T13:49:11,900.0,3.06,S
2021-06-11T13:47:59,1900.0,3.06,S
2021-06-11T13:45:14,100.0,3.1,B
2021-06-11T13:45:03,200.0,3.06,S
2021-06-11T13:45:03,1300.0,3.06,S
2021-06-11T13:44:35,1100.0,3.08,S
2021-06-11T13:43:31,3700.0,3.1,S
2021-06-11T13:42:53,2000.0,3.1,S
2021-06-11T13:42:11,100.0,3.11,B
2021-06-11T13:41:15,100.0,3.1,S
2021-06-11T13:40:44,200.0,3.11,S
2021-06-11T13:40:20,3700.0,3.11,S
2021-06-11T13:38:19,1500.0,3.11,S
2021-06-11T13:37:23,5100.0,3.11,B
2021-06-11T13:34:08,5000.0,3.11,S
2021-06-11T13:33:36,1700.0,3.11,S
2021-06-11T13:33:16,2000.0,3.11,S
2021-06-11T13:31:22,1000.0,3.12,S
2021-06-11T13:31:19,900.0,3.11,S
2021-06-11T13:28:00,200.0,3.11,S
2021-06-11T13:26:27,1100.0,3.11,S
2021-06-11T13:24:39,6000.0,3.13,B
2021-06-11T13:23:53,1400.0,3.11,S
2021-06-11T13:22:38,500.0,3.11,S
2021-06-11T13:20:55,2000.0,3.13,B
2021-06-11T13:17:30,100.0,3.13,B
2021-06-11T13:16:15,3500.0,3.13,B
2021-06-11T13:15:53,600.0,3.13,B
2021-06-11T13:15:28,3000.0,3.13,B
2021-06-11T13:13:42,300.0,3.13,S
2021-06-11T13:13:36,600.0,3.13,S
2021-06-11T13:13:30,500.0,3.13,S
2021-06-11T13:12:22,7700.0,3.13,S
2021-06-11T13:11:15,1000.0,3.13,S
2021-06-11T13:09:58,2500.0,3.14,B
2021-06-11T13:09:44,2000.0,3.13,S
2021-06-11T13:08:06,4900.0,3.13,B
2021-06-11T13:08:06,2100.0,3.13,B
2021-06-11T13:08:06,2300.0,3.13,B
2021-06-11T11:29:02,200.0,3.13,B
2021-06-11T11:24:46,700.0,3.13,S
2021-06-11T11:20:35,100.0,3.13,S
2021-06-11T11:20:25,100.0,3.13,S
2021-06-11T11:19:34,500.0,3.13,B
2021-06-11T11:14:43,3700.0,3.13,S
2021-06-11T11:14:14,400.0,3.14,B
2021-06-11T11:13:21,500.0,3.14,B
2021-06-11T11:12:37,500.0,3.14,B
2021-06-11T11:11:21,100.0,3.14,B
2021-06-11T11:11:00,20000.0,3.13,S
2021-06-11T11:10:03,100.0,3.13,S
2021-06-11T11:08:47,3000.0,3.13,S
2021-06-11T11:08:44,300.0,3.13,S
2021-06-11T11:07:36,3000.0,3.13,S
2021-06-11T11:06:29,6500.0,3.14,B
2021-06-11T11:06:12,400.0,3.13,B
2021-06-11T11:05:23,1000.0,3.14,B
2021-06-11T11:03:25,100.0,3.14,B
2021-06-11T11:02:45,200.0,3.13,B
2021-06-11T11:01:30,1000.0,3.14,B
2021-06-11T11:00:52,100.0,3.13,B
2021-06-11T10:59:20,100.0,3.14,B
2021-06-11T10:59:01,500.0,3.14,B
2021-06-11T10:58:55,200.0,3.14,B
2021-06-11T10:56:37,1100.0,3.14,S
2021-06-11T10:55:54,4400.0,3.14,S
2021-06-11T10:55:45,6200.0,3.14,S
2021-06-11T10:54:44,1000.0,3.14,S
2021-06-11T10:54:38,2000.0,3.14,S
2021-06-11T10:54:23,3800.0,3.14,S
2021-06-11T10:54:11,700.0,3.14,S
2021-06-11T10:54:06,1200.0,3.14,S
2021-06-11T10:53:56,1900.0,3.14,S
2021-06-11T10:53:44,1000.0,3.14,S
2021-06-11T10:52:13,2000.0,3.14,S
2021-06-11T10:51:58,3000.0,3.14,B
2021-06-11T10:51:30,200.0,3.14,B
2021-06-11T10:51:28,1000.0,3.14,B
2021-06-11T10:51:28,28500.0,3.14,B
2021-06-11T10:51:28,4900.0,3.14,B
2021-06-11T10:51:28,200.0,3.14,B
2021-06-11T10:51:28,8100.0,3.14,B
2021-06-11T10:51:28,19100.0,3.14,B
2021-06-11T10:51:27,3400.0,3.14,B
2021-06-11T10:51:27,20700.0,3.14,B
2021-06-11T10:51:27,22500.0,3.14,B
2021-06-11T10:51:27,2000.0,3.14,B
2021-06-11T10:51:27,30700.0,3.14,B
2021-06-11T10:51:27,63100.0,3.14,B
2021-06-11T10:51:27,2000.0,3.14,B
2021-06-11T10:51:27,32700.0,3.14,B
2021-06-11T10:51:27,500.0,3.14,B
2021-06-11T10:51:26,5100.0,3.14,B
2021-06-11T10:51:26,5800.0,3.14,B
2021-06-11T10:51:26,2200.0,3.13,B
2021-06-11T10:51:26,600.0,3.12,S
2021-06-11T10:51:10,1000.0,3.1,S
2021-06-11T10:50:47,5000.0,3.12,S
2021-06-11T10:50:09,4200.0,3.12,S
2021-06-11T10:49:58,100.0,3.12,S
2021-06-11T10:48:31,11800.0,3.13,B
2021-06-11T10:48:31,700.0,3.13,B
2021-06-11T10:48:31,1100.0,3.13,B
2021-06-11T10:46:32,3000.0,3.12,S
2021-06-11T10:45:31,4100.0,3.12,B
2021-06-11T10:45:27,6100.0,3.12,B
2021-06-11T10:44:13,1000.0,3.1,S
2021-06-11T10:43:08,700.0,3.1,S
2021-06-11T10:41:48,1600.0,3.1,B
2021-06-11T10:41:48,4200.0,3.1,B
2021-06-11T10:41:48,3400.0,3.1,B
2021-06-11T10:41:48,2500.0,3.1,B
2021-06-11T10:40:37,2600.0,3.06,S
2021-06-11T10:40:11,10000.0,3.06,B
2021-06-11T10:40:11,19000.0,3.06,B
2021-06-11T10:39:20,200.0,3.05,S
2021-06-11T10:38:42,2700.0,3.05,S
2021-06-11T10:38:42,5400.0,3.05,B
2021-06-11T10:38:26,100.0,3.04,S
2021-06-11T10:38:15,2000.0,3.05,B
2021-06-11T10:36:45,2900.0,3.04,B
2021-06-11T10:36:23,100.0,3.03,B
2021-06-11T10:35:51,5000.0,3.03,B
2021-06-11T10:35:23,5400.0,3.03,S
2021-06-11T10:35:23,1500.0,3.03,S
2021-06-11T10:35:22,1800.0,3.03,S
2021-06-11T10:34:01,1000.0,3.03,S
2021-06-11T10:33:44,100.0,3.04,B
2021-06-11T10:31:37,1100.0,3.04,B
2021-06-11T10:30:31,2100.0,3.04,S
2021-06-11T10:28:14,600.0,3.05,S
2021-06-11T10:27:29,6000.0,3.05,S
2021-06-11T10:27:11,100.0,3.06,B
2021-06-11T10:24:25,1000.0,3.06,B
2021-06-11T10:23:46,800.0,3.05,S
2021-06-11T10:21:08,2000.0,3.05,B
2021-06-11T10:20:14,800.0,3.05,S
2021-06-11T10:19:34,200.0,3.06,B
2021-06-11T10:17:58,5900.0,3.06,B
2021-06-11T10:17:50,300.0,3.05,S
2021-06-11T10:17:46,100.0,3.06,B
2021-06-11T10:17:43,1700.0,3.06,B
2021-06-11T10:17:38,100.0,3.06,B
2021-06-11T10:17:05,2900.0,3.06,S
2021-06-11T10:16:50,200.0,3.07,B
2021-06-11T10:15:52,2000.0,3.06,S
2021-06-11T10:14:59,100.0,3.07,B
2021-06-11T10:12:47,400.0,3.06,S
2021-06-11T10:11:41,100.0,3.09,B
2021-06-11T10:09:14,200.0,3.09,B
2021-06-11T10:08:44,4000.0,3.06,S
2021-06-11T10:08:26,300.0,3.07,B
2021-06-11T10:07:45,1000.0,3.06,S
2021-06-11T10:06:18,100.0,3.07,S
2021-06-11T10:04:12,100.0,3.07,S
2021-06-11T10:02:57,1000.0,3.1,B
2021-06-11T10:02:06,600.0,3.06,S
2021-06-11T10:01:53,700.0,3.1,B
2021-06-11T10:00:18,1000.0,3.05,S
2021-06-11T09:58:40,400.0,3.1,B
2021-06-11T09:58:28,8200.0,3.05,S
2021-06-11T09:57:31,300.0,3.1,B
2021-06-11T09:56:31,5000.0,3.05,B
2021-06-11T09:56:31,1100.0,3.04,S
2021-06-11T09:56:10,1000.0,3.05,B
2021-06-11T09:55:42,200.0,3.04,S
2021-06-11T09:53:01,300.0,3.04,S
2021-06-11T09:51:50,100.0,3.04,S
2021-06-11T09:45:04,900.0,3.03,B
2021-06-11T09:45:04,100.0,3.03,B
2021-06-11T09:44:33,1000.0,3.01,S
2021-06-11T09:43:50,100.0,3.03,B
2021-06-11T09:41:05,700.0,3.01,B
2021-06-11T09:41:01,100.0,3.01,B
2021-06-11T09:40:51,14100.0,3.01,S
2021-06-11T09:40:16,300.0,3.01,S
2021-06-11T09:40:05,1000.0,3.01,S
2021-06-11T09:39:55,100.0,3.01,S
2021-06-11T09:39:53,4000.0,3.01,S
2021-06-11T09:39:52,700.0,3.01,S
2021-06-11T09:39:30,900.0,3.01,S
2021-06-11T09:39:00,8200.0,3.01,S
2021-06-11T09:36:39,2900.0,3.01,S
2021-06-11T09:36:25,2200.0,3.01,S
2021-06-11T09:35:56,300.0,3.01,S
2021-06-11T09:35:43,35600.0,3.1,B
2021-06-11T09:35:14,10700.0,3.1,S
2021-06-11T09:35:03,8000.0,3.13,B
2021-06-11T09:35:03,26400.0,3.13,B
2021-06-11T09:34:50,3500.0,3.12,S
2021-06-11T09:34:50,500.0,3.12,S
2021-06-11T09:34:50,10500.0,3.12,S
2021-06-11T09:34:06,100.0,3.13,S
2021-06-11T09:33:41,32000.0,3.14,B
2021-06-11T09:33:14,100.0,3.13,S
2021-06-11T09:33:14,100.0,3.13,S
2021-06-11T09:32:44,600.0,3.14,B
2021-06-11T09:32:37,500.0,3.13,S
2021-06-11T09:32:17,800.0,3.13,S
2021-06-11T09:32:03,2400.0,3.14,B
2021-06-11T09:31:53,100.0,3.13,S
2021-06-11T09:31:38,2000.0,3.13,S
2021-06-11T09:31:14,1900.0,3.12,S
2021-06-11T09:31:14,4500.0,3.12,S
2021-06-11T09:31:14,500.0,3.13,S
2021-06-11T09:31:00,1300.0,3.14,B
2021-06-11T09:31:00,1000.0,3.14,B
2021-06-11T09:31:00,2000.0,3.14,B
2021-06-11T09:31:00,4100.0,3.14,B
2021-06-11T09:31:00,21600.0,3.14,B
2021-06-11T09:30:32,500.0,3.13,S
2021-06-11T09:30:06,4000.0,3.12,S
2021-06-11T09:30:01,600.0,3.12,S
2021-06-11T09:30:00,20000.0,3.14,B
2021-06-11T09:29:31,1000.0,3.12,S
2021-06-11T09:29:25,100.0,3.12,S
2021-06-11T09:29:12,300.0,3.13,S
2021-06-11T09:28:55,700.0,3.14,B
2021-06-11T09:28:40,1000.0,3.14,B
2021-06-11T09:28:28,10200.0,3.14,B
2021-06-11T09:27:57,800.0,3.14,B
2021-06-11T09:27:44,200.0,3.14,B
2021-06-11T09:27:44,14100.0,3.14,B
2021-06-11T09:27:44,4900.0,3.14,B
2021-06-11T09:27:44,8000.0,3.12,B
2021-06-11T09:27:19,100.0,3.12,S
2021-06-11T09:27:13,100.0,3.13,S
2021-06-11T09:26:32,1800.0,3.14,B
2021-06-11T09:26:10,100.0,3.12,B
2021-06-11T09:25:56,100.0,3.12,B
2021-06-11T09:25:49,300.0,3.14,B
2021-06-11T09:25:48,5500.0,3.14,B
2021-06-11T09:25:48,3800.0,3.14,B
2021-06-11T09:25:48,22400.0,3.14,B
2021-06-11T09:25:12,200.0,3.11,B
2021-06-11T09:25:09,14900.0,3.14,B
2021-06-11T09:25:09,34500.0,3.14,B
2021-06-11T09:25:09,1800.0,3.14,B
2021-06-11T09:25:09,3000.0,3.14,B
2021-06-11T09:25:09,5500.0,3.14,B
2021-06-11T09:25:09,3100.0,3.13,B
2021-06-11T09:25:09,7200.0,3.13,B
2021-06-11T09:25:04,300.0,3.12,B
2021-06-11T09:24:51,100.0,3.1,S
2021-06-11T09:24:35,500.0,3.1,S
2021-06-11T09:24:26,500.0,3.1,B
2021-06-11T09:24:25,200.0,3.1,B
2021-06-11T09:24:22,500.0,3.1,B
2021-06-11T09:24:18,2000.0,3.1,B
2021-06-11T09:24:01,100.0,3.1,B
2021-06-11T09:23:41,1000.0,3.0,S
2021-06-11T09:23:41,1000.0,3.1,B
2021-06-11T09:23:35,1000.0,3.0,S
2021-06-11T09:23:31,500.0,3.0,S
2021-06-11T09:23:18,200.0,3.0,S
2021-06-11T09:23:15,2000.0,3.0,S
2021-06-11T09:23:12,100.0,3.1,B
2021-06-11T09:23:11,1000.0,3.0,S
2021-06-11T09:22:58,100.0,3.0,S
2021-06-11T09:22:38,9800.0,3.0,B
2021-06-11T09:22:28,200.0,3.0,B
2021-06-11T09:22:19,300.0,2.94,S
2021-06-11T09:21:51,2100.0,2.94,B
2021-06-11T09:21:50,5000.0,2.94,B
2021-06-11T09:21:45,2000.0,2.94,B
2021-06-11T09:21:38,10000.0,2.94,B
2021-06-11T09:21:37,100.0,2.92,S
2021-06-11T09:21:35,5000.0,2.94,B
2021-06-11T09:21:13,800.0,2.92,S
2021-06-11T09:21:00,5500.0,2.92,B
2021-06-11T09:20:49,100.0,2.91,S
2021-06-11T09:20:48,5000.0,2.92,B
2021-06-11T09:20:37,100.0,2.92,B
2021-06-11T09:20:33,3000.0,2.92,B
2021-06-11T09:20:25,1000.0,2.92,B
2021-06-11T09:20:21,1500.0,2.92,B
2021-06-11T09:20:16,4000.0,2.92,B
2021-06-11T09:20:07,1000.0,2.93,B
2021-06-11T09:20:07,5800.0,2.93,B
2021-06-11T09:20:07,1100.0,2.93,B
2021-06-11T09:19:54,500.0,2.92,B
2021-06-11T09:19:45,100.0,2.91,B
2021-06-11T09:19:30,200.0,2.91,B
2021-06-11T09:19:22,100.0,2.91,B
2021-06-11T09:19:14,100.0,2.9,S
2021-06-11T09:19:08,200.0,2.91,B
2021-06-11T09:18:37,1700.0,2.9,B
2021-06-11T09:18:21,600.0,2.9,B
2021-06-11T09:18:00,400.0,2.83,B
2021-06-11T09:17:45,600.0,2.83,S
2021-06-11T09:17:30,100.0,2.83,S
2021-06-11T09:17:19,100.0,2.83,S
2021-06-11T09:17:04,400.0,2.83,S
2021-06-11T09:16:50,100.0,2.83,S
2021-06-11T09:16:37,100.0,2.83,S
2021-06-11T09:16:07,100.0,2.83,B
2021-06-11T09:15:51,1600.0,2.8,B
