tradingTime,volume,price,side
2021-06-11T14:59:42,200.0,9.9,B
2021-06-11T14:58:17,100.0,9.9,B
2021-06-11T14:57:53,3700.0,9.8,S
2021-06-11T14:57:47,2000.0,9.9,B
2021-06-11T14:55:02,4000.0,9.8,S
2021-06-11T14:54:22,8500.0,9.8,S
2021-06-11T14:49:27,200.0,9.9,B
2021-06-11T14:47:17,200.0,9.9,B
2021-06-11T14:47:12,800.0,9.9,B
2021-06-11T14:47:07,2900.0,9.9,B
2021-06-11T14:46:37,500.0,9.9,B
2021-06-11T14:46:27,100.0,9.9,B
2021-06-11T14:46:17,500.0,9.9,B
2021-06-11T14:46:17,500.0,9.9,B
2021-06-11T14:46:12,800.0,9.9,B
2021-06-11T14:45:59,100.0,9.9,B
2021-06-11T14:45:52,1000.0,9.9,B
2021-06-11T14:45:17,200.0,9.9,B
2021-06-11T14:44:02,5000.0,9.9,B
2021-06-11T14:40:12,1000.0,9.9,B
2021-06-11T14:29:04,100.0,9.8,S
2021-06-11T14:25:45,100.0,9.9,B
2021-06-11T14:21:59,100.0,9.9,B
2021-06-11T14:21:39,4000.0,9.9,B
2021-06-11T14:19:50,1400.0,9.9,S
2021-06-11T14:19:24,2000.0,9.9,S
2021-06-11T14:17:04,7600.0,9.9,S
2021-06-11T14:16:52,1000.0,9.9,B
2021-06-11T14:15:53,500.0,9.9,B
2021-06-11T14:15:34,500.0,9.9,B
2021-06-11T14:13:22,400.0,9.9,S
2021-06-11T14:11:56,1100.0,9.8,S
2021-06-11T14:09:39,200.0,9.9,B
2021-06-11T14:09:12,800.0,9.9,S
2021-06-11T14:04:11,2000.0,9.9,S
2021-06-11T13:59:43,1900.0,9.9,S
2021-06-11T13:58:53,1300.0,9.9,S
2021-06-11T13:56:22,2000.0,9.9,S
2021-06-11T13:54:36,3700.0,9.9,S
2021-06-11T13:53:08,700.0,9.9,S
2021-06-11T13:50:29,2000.0,9.9,S
2021-06-11T13:50:05,4000.0,9.9,S
2021-06-11T13:48:50,900.0,9.9,S
2021-06-11T13:48:30,800.0,9.9,S
2021-06-11T13:45:54,3000.0,9.9,S
2021-06-11T13:45:01,600.0,9.9,S
2021-06-11T13:44:49,1500.0,9.9,S
2021-06-11T13:44:00,1000.0,9.9,S
2021-06-11T13:43:38,100.0,9.9,S
2021-06-11T13:43:37,5800.0,9.9,S
2021-06-11T13:42:43,2600.0,9.9,S
2021-06-11T13:42:17,4000.0,9.9,S
2021-06-11T13:41:57,100.0,10.0,B
2021-06-11T13:41:55,5000.0,9.9,S
2021-06-11T13:40:46,200.0,10.0,B
2021-06-11T13:38:04,1000.0,10.0,B
2021-06-11T13:37:44,300.0,10.0,B
2021-06-11T13:36:26,100.0,10.0,B
2021-06-11T13:35:55,300.0,9.9,S
2021-06-11T13:35:39,5900.0,9.9,S
2021-06-11T13:35:07,100.0,9.9,S
2021-06-11T13:33:49,100.0,10.0,B
2021-06-11T13:30:55,3800.0,10.0,B
2021-06-11T13:30:43,40000.0,10.0,S
2021-06-11T13:29:49,900.0,10.0,S
2021-06-11T13:29:39,3000.0,10.0,S
2021-06-11T13:29:37,100.0,10.0,S
2021-06-11T13:28:43,10200.0,10.0,B
2021-06-11T13:27:25,700.0,10.0,B
2021-06-11T13:26:36,10000.0,10.0,S
2021-06-11T13:26:13,20000.0,10.0,S
2021-06-11T13:25:35,10000.0,10.0,S
2021-06-11T13:24:46,300.0,10.0,S
2021-06-11T13:24:09,8400.0,10.0,S
2021-06-11T13:24:03,5000.0,10.0,S
2021-06-11T13:23:48,5000.0,10.0,S
2021-06-11T13:22:17,900.0,10.0,S
2021-06-11T13:20:08,100.0,10.0,S
2021-06-11T13:20:01,23200.0,10.0,S
2021-06-11T13:19:53,2100.0,10.0,B
2021-06-11T13:19:47,800.0,10.0,B
2021-06-11T13:19:46,500.0,10.0,B
2021-06-11T13:19:34,5800.0,10.0,B
2021-06-11T13:19:17,10000.0,10.0,B
2021-06-11T13:18:48,5000.0,10.0,B
2021-06-11T13:18:32,500.0,10.0,B
2021-06-11T13:17:47,2300.0,10.0,B
2021-06-11T13:17:06,9900.0,10.0,B
2021-06-11T13:16:28,200.0,10.0,B
2021-06-11T13:16:13,1000.0,10.0,B
2021-06-11T13:14:27,4000.0,10.0,B
2021-06-11T13:13:25,500.0,10.0,B
2021-06-11T13:12:50,10000.0,10.0,B
2021-06-11T13:12:10,4400.0,10.0,B
2021-06-11T13:11:03,1100.0,9.9,S
2021-06-11T13:10:07,2000.0,9.9,S
2021-06-11T13:07:36,2400.0,9.9,S
2021-06-11T13:04:43,200.0,9.9,S
2021-06-11T11:27:32,1600.0,9.9,S
2021-06-11T11:25:27,1900.0,9.9,S
2021-06-11T11:22:32,1000.0,9.9,S
2021-06-11T11:21:22,1000.0,9.9,S
2021-06-11T11:20:23,2500.0,9.9,S
2021-06-11T11:20:22,1000.0,9.9,S
2021-06-11T11:19:04,2000.0,9.9,S
2021-06-11T11:15:55,4000.0,9.9,S
2021-06-11T11:13:19,300.0,9.9,S
2021-06-11T11:12:57,100.0,9.9,S
2021-06-11T11:11:46,200.0,10.0,B
2021-06-11T10:59:08,6000.0,10.0,B
2021-06-11T10:58:00,500.0,10.0,B
2021-06-11T10:57:32,5000.0,10.0,B
2021-06-11T10:57:15,100.0,10.0,B
2021-06-11T10:54:12,10000.0,10.0,B
2021-06-11T10:47:39,500.0,9.9,S
2021-06-11T10:47:33,20000.0,10.0,B
2021-06-11T10:45:56,900.0,9.9,S
2021-06-11T10:44:43,400.0,9.9,B
2021-06-11T10:43:30,2000.0,9.9,B
2021-06-11T10:36:49,3000.0,9.9,B
2021-06-11T10:31:49,3000.0,9.9,B
2021-06-11T10:31:45,1000.0,9.8,S
2021-06-11T10:28:32,300.0,9.9,S
2021-06-11T10:27:39,1000.0,9.9,S
2021-06-11T10:27:10,1300.0,9.9,S
2021-06-11T10:26:56,1000.0,9.9,S
2021-06-11T10:24:18,1000.0,9.9,S
2021-06-11T10:21:01,7500.0,9.9,B
2021-06-11T10:18:49,500.0,9.9,B
2021-06-11T10:14:33,500.0,9.9,S
2021-06-11T10:14:12,500.0,9.9,B
2021-06-11T10:13:15,300.0,9.9,B
2021-06-11T10:13:03,1000.0,9.9,B
2021-06-11T10:12:15,3000.0,9.9,B
2021-06-11T10:11:18,5000.0,9.9,B
2021-06-11T10:04:36,100.0,9.9,B
2021-06-11T10:04:24,6500.0,9.9,S
2021-06-11T10:04:03,1600.0,9.9,S
2021-06-11T10:01:08,300.0,9.9,S
2021-06-11T10:00:54,3000.0,9.9,S
2021-06-11T09:57:13,1000.0,9.9,S
2021-06-11T09:56:27,2000.0,9.9,S
2021-06-11T09:55:39,3000.0,9.9,S
2021-06-11T09:54:40,1400.0,9.9,B
2021-06-11T09:54:23,1000.0,9.9,S
2021-06-11T09:52:39,200.0,9.9,S
2021-06-11T09:52:12,1300.0,9.9,S
2021-06-11T09:52:12,4000.0,9.9,S
2021-06-11T09:51:46,6000.0,9.9,B
2021-06-11T09:47:30,100.0,10.0,B
2021-06-11T09:45:01,100.0,10.0,B
2021-06-11T09:43:16,800.0,9.8,S
2021-06-11T09:37:48,100.0,9.9,B
2021-06-11T09:37:40,2000.0,9.9,B
2021-06-11T09:36:35,100.0,9.9,B
2021-06-11T09:36:17,300.0,9.9,B
2021-06-11T09:35:40,100.0,9.9,B
2021-06-11T09:34:55,200.0,9.9,B
2021-06-11T09:32:39,1200.0,9.9,S
2021-06-11T09:32:11,4200.0,9.9,S
2021-06-11T09:29:49,1000.0,10.0,S
2021-06-11T09:29:06,4000.0,10.0,B
2021-06-11T09:27:20,1500.0,10.0,S
2021-06-11T09:26:19,3500.0,10.0,B
2021-06-11T09:23:30,11500.0,10.0,S
2021-06-11T09:22:26,3000.0,10.1,B
2021-06-11T09:21:23,100.0,10.1,B
2021-06-11T09:20:44,100.0,10.1,B
2021-06-11T09:20:27,300.0,10.1,S
2021-06-11T09:20:26,4700.0,10.1,S
2021-06-11T09:18:23,100.0,10.1,B
2021-06-11T09:18:18,300.0,10.1,B
2021-06-11T09:17:49,600.0,10.0,S
2021-06-11T09:15:03,4300.0,10.0,S
2021-06-11T09:14:36,2800.0,10.0,S
2021-06-11T09:14:29,2700.0,10.1,S
2021-06-11T09:14:14,1000.0,10.0,S
2021-06-11T09:14:03,3500.0,10.0,B
2021-06-11T09:11:47,100.0,10.0,S
2021-06-11T09:07:10,1000.0,9.9,S
2021-06-11T09:06:53,1500.0,9.9,S
2021-06-11T09:06:45,4500.0,10.0,S
2021-06-11T09:04:53,5500.0,9.9,S
2021-06-11T09:03:40,1000.0,9.9,S
2021-06-11T09:02:30,200.0,9.9,S
2021-06-11T09:02:00,4400.0,10.0,B
2021-06-11T09:01:27,3600.0,10.0,B
