tradingTime,volume,price,side
2021-06-11T14:29:43,100.0,22.75,B
2021-06-11T14:29:37,100.0,22.7,B
2021-06-11T14:29:37,100.0,22.7,B
2021-06-11T14:29:35,100.0,22.7,B
2021-06-11T14:29:35,100.0,22.7,B
2021-06-11T14:29:32,100.0,22.7,B
2021-06-11T14:29:29,100.0,22.7,B
2021-06-11T14:29:26,100.0,22.7,B
2021-06-11T14:29:21,100.0,22.7,B
2021-06-11T14:29:19,100.0,22.7,B
2021-06-11T14:29:19,100.0,22.7,B
2021-06-11T14:29:17,100.0,22.7,B
2021-06-11T14:29:16,100.0,22.7,B
2021-06-11T14:29:14,100.0,22.7,B
2021-06-11T14:29:09,100.0,22.7,B
2021-06-11T14:29:07,100.0,22.7,B
2021-06-11T14:29:05,100.0,22.7,B
2021-06-11T14:29:03,100.0,22.7,B
2021-06-11T14:29:02,100.0,22.7,B
2021-06-11T14:29:00,100.0,22.7,B
2021-06-11T14:28:58,100.0,22.7,B
2021-06-11T14:28:58,100.0,22.7,B
2021-06-11T14:28:55,200.0,22.7,B
2021-06-11T14:28:52,100.0,22.7,B
2021-06-11T14:28:52,100.0,22.7,B
2021-06-11T14:28:52,100.0,22.7,B
2021-06-11T14:28:50,100.0,22.7,B
2021-06-11T14:28:44,100.0,22.7,B
2021-06-11T14:28:42,100.0,22.7,B
2021-06-11T14:28:41,100.0,22.7,B
2021-06-11T14:28:33,100.0,22.7,B
2021-06-11T14:28:31,100.0,22.7,B
2021-06-11T14:28:29,100.0,22.7,B
2021-06-11T14:28:28,100.0,22.7,B
2021-06-11T14:28:27,100.0,22.7,B
2021-06-11T14:28:24,100.0,22.7,B
2021-06-11T14:28:22,100.0,22.7,B
2021-06-11T14:28:18,100.0,22.7,B
2021-06-11T14:28:18,100.0,22.7,B
2021-06-11T14:28:16,100.0,22.7,B
2021-06-11T14:28:16,100.0,22.7,B
2021-06-11T14:28:12,100.0,22.7,B
2021-06-11T14:28:10,100.0,22.7,B
2021-06-11T14:28:09,100.0,22.7,B
2021-06-11T14:28:08,100.0,22.7,B
2021-06-11T14:28:07,100.0,22.7,B
2021-06-11T14:28:05,100.0,22.7,B
2021-06-11T14:28:03,100.0,22.7,B
2021-06-11T14:27:59,100.0,22.7,B
2021-06-11T14:27:59,100.0,22.7,B
2021-06-11T14:27:57,32200.0,22.7,B
2021-06-11T14:27:55,100.0,22.65,S
2021-06-11T14:27:51,100.0,22.65,S
2021-06-11T14:27:50,100.0,22.65,S
2021-06-11T14:27:48,100.0,22.65,S
2021-06-11T14:27:48,10000.0,22.7,B
2021-06-11T14:27:47,100.0,22.65,S
2021-06-11T14:27:43,100.0,22.65,S
2021-06-11T14:27:42,100.0,22.65,S
2021-06-11T14:27:40,100.0,22.65,S
2021-06-11T14:27:39,100.0,22.65,S
2021-06-11T14:27:38,200.0,22.7,B
2021-06-11T14:27:36,100.0,22.65,S
2021-06-11T14:27:34,100.0,22.65,S
2021-06-11T14:27:31,100.0,22.65,S
2021-06-11T14:27:28,100.0,22.65,S
2021-06-11T14:27:28,100.0,22.65,S
2021-06-11T14:27:25,100.0,22.65,S
2021-06-11T14:27:23,100.0,22.65,S
2021-06-11T14:27:21,10000.0,22.7,B
2021-06-11T14:27:19,100.0,22.65,S
2021-06-11T14:27:17,100.0,22.65,S
2021-06-11T14:27:14,100.0,22.65,S
2021-06-11T14:27:14,100.0,22.65,S
2021-06-11T14:27:12,100.0,22.65,S
2021-06-11T14:27:09,100.0,22.65,B
2021-06-11T14:27:07,100.0,22.65,B
2021-06-11T14:27:06,100.0,22.65,B
2021-06-11T14:27:05,100.0,22.65,B
2021-06-11T14:27:03,100.0,22.65,B
2021-06-11T14:27:01,100.0,22.65,B
2021-06-11T14:27:01,500.0,22.7,B
2021-06-11T14:27:01,100.0,22.65,B
2021-06-11T14:26:58,100.0,22.65,B
2021-06-11T14:26:57,100.0,22.65,B
2021-06-11T14:26:56,100.0,22.65,B
2021-06-11T14:26:55,100.0,22.65,B
2021-06-11T14:26:54,100.0,22.65,B
2021-06-11T14:26:53,100.0,22.65,B
2021-06-11T14:26:52,10000.0,22.65,B
2021-06-11T14:26:52,100.0,22.65,B
2021-06-11T14:26:51,100.0,22.65,B
2021-06-11T14:26:49,100.0,22.65,B
2021-06-11T14:26:46,100.0,22.65,B
2021-06-11T14:26:42,100.0,22.65,B
2021-06-11T14:26:41,100.0,22.65,B
2021-06-11T14:26:41,100.0,22.65,B
2021-06-11T14:26:39,100.0,22.65,B
2021-06-11T14:26:38,100.0,22.65,B
2021-06-11T14:26:36,100.0,22.65,B
2021-06-11T14:26:35,100.0,22.65,B
2021-06-11T14:26:32,100.0,22.65,B
2021-06-11T14:26:30,100.0,22.65,B
2021-06-11T14:26:29,100.0,22.65,B
2021-06-11T14:26:29,100.0,22.65,B
2021-06-11T14:26:24,100.0,22.65,B
2021-06-11T14:26:24,100.0,22.65,B
2021-06-11T14:26:23,100.0,22.65,B
2021-06-11T14:26:20,100.0,22.65,B
2021-06-11T14:26:19,100.0,22.65,B
2021-06-11T14:26:17,100.0,22.65,B
2021-06-11T14:26:13,100.0,22.65,B
2021-06-11T14:26:11,100.0,22.65,B
2021-06-11T14:26:09,100.0,22.65,B
2021-06-11T14:26:09,100.0,22.65,B
2021-06-11T14:26:08,100.0,22.65,B
2021-06-11T14:26:06,100.0,22.65,B
2021-06-11T14:26:05,100.0,22.65,B
2021-06-11T14:26:03,100.0,22.65,B
2021-06-11T14:26:02,100.0,22.65,B
2021-06-11T14:26:01,100.0,22.65,B
2021-06-11T14:25:59,100.0,22.65,B
2021-06-11T14:25:58,100.0,22.65,B
2021-06-11T14:25:55,100.0,22.65,B
2021-06-11T14:25:54,100.0,22.65,B
2021-06-11T14:25:52,100.0,22.65,B
2021-06-11T14:25:51,100.0,22.65,B
2021-06-11T14:25:49,100.0,22.65,B
2021-06-11T14:25:48,100.0,22.65,B
2021-06-11T14:25:45,100.0,22.65,B
2021-06-11T14:25:43,100.0,22.65,B
2021-06-11T14:25:43,100.0,22.65,B
2021-06-11T14:25:41,100.0,22.65,B
2021-06-11T14:25:37,100.0,22.65,B
2021-06-11T14:25:36,100.0,22.65,B
2021-06-11T14:25:34,100.0,22.65,B
2021-06-11T14:25:33,100.0,22.65,B
2021-06-11T14:25:33,100.0,22.65,B
2021-06-11T14:25:32,100.0,22.65,B
2021-06-11T14:25:28,100.0,22.65,B
2021-06-11T14:25:24,100.0,22.65,B
2021-06-11T14:25:22,100.0,22.65,B
2021-06-11T14:25:20,100.0,22.65,B
2021-06-11T14:25:18,100.0,22.65,B
2021-06-11T14:25:16,100.0,22.65,B
2021-06-11T14:25:14,100.0,22.65,B
2021-06-11T14:25:13,100.0,22.65,B
2021-06-11T14:25:11,100.0,22.65,B
2021-06-11T14:25:11,100.0,22.65,B
2021-06-11T14:25:09,100.0,22.65,B
2021-06-11T14:25:07,100.0,22.65,B
2021-06-11T14:25:06,100.0,22.65,B
2021-06-11T14:25:05,100.0,22.65,B
2021-06-11T14:25:03,100.0,22.65,B
2021-06-11T14:25:03,100.0,22.65,B
2021-06-11T14:25:02,100.0,22.65,B
2021-06-11T14:25:01,100.0,22.65,B
2021-06-11T14:25:00,100.0,22.65,B
2021-06-11T14:24:57,2100.0,22.65,B
2021-06-11T14:24:56,100.0,22.65,B
2021-06-11T14:24:55,100.0,22.65,B
2021-06-11T14:24:53,100.0,22.65,B
2021-06-11T14:24:53,100.0,22.65,B
2021-06-11T14:24:51,100.0,22.65,B
2021-06-11T14:24:49,100.0,22.65,B
2021-06-11T14:24:47,100.0,22.65,B
2021-06-11T14:24:47,100.0,22.65,B
2021-06-11T14:24:45,100.0,22.65,B
2021-06-11T14:24:44,100.0,22.65,B
2021-06-11T14:24:43,100.0,22.65,B
2021-06-11T14:24:41,100.0,22.65,B
2021-06-11T14:24:40,100.0,22.65,B
2021-06-11T14:24:38,100.0,22.65,B
2021-06-11T14:24:37,200.0,22.65,B
2021-06-11T14:24:35,100.0,22.65,B
2021-06-11T14:24:31,100.0,22.65,B
2021-06-11T14:24:27,100.0,22.65,B
2021-06-11T14:24:26,100.0,22.65,B
2021-06-11T14:24:25,100.0,22.65,B
2021-06-11T14:24:24,100.0,22.65,B
2021-06-11T14:24:22,100.0,22.65,B
2021-06-11T14:24:18,100.0,22.65,B
2021-06-11T14:24:18,100.0,22.65,B
2021-06-11T14:24:18,100.0,22.65,B
2021-06-11T14:24:17,100.0,22.65,B
2021-06-11T14:24:13,100.0,22.65,B
2021-06-11T14:24:12,100.0,22.65,B
2021-06-11T14:24:10,100.0,22.65,B
2021-06-11T14:24:08,100.0,22.65,B
2021-06-11T14:24:08,100.0,22.65,B
2021-06-11T14:24:06,100.0,22.65,B
2021-06-11T14:24:04,100.0,22.65,B
2021-06-11T14:24:02,100.0,22.65,B
2021-06-11T14:24:02,100.0,22.65,B
2021-06-11T14:23:58,100.0,22.65,B
2021-06-11T14:23:56,100.0,22.65,B
2021-06-11T14:23:55,100.0,22.65,B
2021-06-11T14:23:52,100.0,22.65,B
2021-06-11T14:23:50,100.0,22.65,B
2021-06-11T14:23:48,100.0,22.65,B
2021-06-11T14:23:44,100.0,22.65,B
2021-06-11T14:23:42,100.0,22.65,B
2021-06-11T14:23:37,100.0,22.65,B
2021-06-11T14:23:36,100.0,22.65,B
2021-06-11T14:23:36,5200.0,22.65,B
2021-06-11T14:23:36,100.0,22.65,B
2021-06-11T14:23:36,4700.0,22.65,B
2021-06-11T14:23:35,100.0,22.65,B
2021-06-11T14:23:34,100.0,22.65,B
2021-06-11T14:23:32,200.0,22.65,B
2021-06-11T14:23:30,100.0,22.65,B
2021-06-11T14:23:26,100.0,22.65,B
2021-06-11T14:23:23,100.0,22.65,B
2021-06-11T14:23:23,100.0,22.65,B
2021-06-11T14:23:22,100.0,22.65,B
2021-06-11T14:23:19,100.0,22.65,B
2021-06-11T14:23:19,100.0,22.65,B
2021-06-11T14:23:15,100.0,22.65,B
2021-06-11T14:23:13,100.0,22.65,B
2021-06-11T14:23:12,100.0,22.65,B
2021-06-11T14:23:11,100.0,22.65,B
2021-06-11T14:23:08,100.0,22.65,B
2021-06-11T14:23:08,100.0,22.65,B
2021-06-11T14:23:06,100.0,22.65,B
2021-06-11T14:23:02,100.0,22.65,B
2021-06-11T14:22:57,100.0,22.65,B
2021-06-11T14:22:56,100.0,22.65,B
2021-06-11T14:22:55,100.0,22.65,B
2021-06-11T14:22:53,100.0,22.65,B
2021-06-11T14:22:48,100.0,22.65,B
2021-06-11T14:22:44,100.0,22.65,B
2021-06-11T14:22:43,100.0,22.65,B
2021-06-11T14:22:41,100.0,22.65,B
2021-06-11T14:22:40,100.0,22.65,B
2021-06-11T14:22:38,100.0,22.65,B
2021-06-11T14:22:34,200.0,22.65,B
2021-06-11T14:22:31,100.0,22.65,B
2021-06-11T14:22:30,100.0,22.65,B
2021-06-11T14:22:29,100.0,22.65,B
2021-06-11T14:22:27,100.0,22.65,B
2021-06-11T14:22:27,700.0,22.65,B
2021-06-11T14:22:25,100.0,22.65,B
2021-06-11T14:22:21,100.0,22.65,B
2021-06-11T14:22:21,100.0,22.65,B
2021-06-11T14:22:20,100.0,22.65,B
2021-06-11T14:22:17,100.0,22.65,B
2021-06-11T14:22:16,100.0,22.65,B
2021-06-11T14:22:16,100.0,22.65,B
2021-06-11T14:22:14,100.0,22.65,B
2021-06-11T14:22:12,100.0,22.65,B
2021-06-11T14:22:12,100.0,22.65,B
2021-06-11T14:22:09,100.0,22.65,B
2021-06-11T14:22:08,100.0,22.65,B
2021-06-11T14:22:07,100.0,22.65,B
2021-06-11T14:22:03,100.0,22.65,B
2021-06-11T14:22:03,100.0,22.65,B
2021-06-11T14:21:59,100.0,22.65,B
2021-06-11T14:21:57,100.0,22.65,B
2021-06-11T14:21:56,100.0,22.65,B
2021-06-11T14:21:54,100.0,22.65,B
2021-06-11T14:21:51,100.0,22.65,B
2021-06-11T14:21:47,100.0,22.65,B
2021-06-11T14:21:46,100.0,22.65,B
2021-06-11T14:21:46,100.0,22.65,B
2021-06-11T14:21:41,100.0,22.65,B
2021-06-11T14:21:39,100.0,22.65,B
2021-06-11T14:21:38,100.0,22.65,B
2021-06-11T14:21:36,100.0,22.65,B
2021-06-11T14:21:35,100.0,22.65,B
2021-06-11T14:21:34,100.0,22.65,B
2021-06-11T14:21:32,100.0,22.65,B
2021-06-11T14:21:30,100.0,22.65,B
2021-06-11T14:21:25,100.0,22.65,B
2021-06-11T14:21:23,100.0,22.65,B
2021-06-11T14:21:23,7800.0,22.65,B
2021-06-11T14:21:23,100.0,22.6,S
2021-06-11T14:21:21,100.0,22.6,S
2021-06-11T14:21:17,100.0,22.6,S
2021-06-11T14:21:17,8500.0,22.65,B
2021-06-11T14:21:16,100.0,22.6,S
2021-06-11T14:21:15,100.0,22.6,S
2021-06-11T14:21:14,100.0,22.6,S
2021-06-11T14:21:14,100.0,22.6,S
2021-06-11T14:21:13,100.0,22.6,S
2021-06-11T14:21:11,100.0,22.6,S
2021-06-11T14:21:10,100.0,22.6,S
2021-06-11T14:21:08,100.0,22.6,S
2021-06-11T14:21:07,100.0,22.6,S
2021-06-11T14:21:07,100.0,22.6,S
2021-06-11T14:21:05,100.0,22.6,S
2021-06-11T14:21:04,100.0,22.6,S
2021-06-11T14:21:02,100.0,22.6,S
2021-06-11T14:21:01,100.0,22.6,S
2021-06-11T14:21:00,100.0,22.6,S
2021-06-11T14:20:56,100.0,22.6,S
2021-06-11T14:20:55,100.0,22.6,S
2021-06-11T14:20:54,100.0,22.6,S
2021-06-11T14:20:53,100.0,22.6,S
2021-06-11T14:20:52,100.0,22.6,S
2021-06-11T14:20:51,100.0,22.6,S
2021-06-11T14:20:50,100.0,22.6,S
2021-06-11T14:20:50,10000.0,22.65,B
2021-06-11T14:20:49,100.0,22.6,S
2021-06-11T14:20:47,100.0,22.6,S
2021-06-11T14:20:45,100.0,22.6,S
2021-06-11T14:20:43,100.0,22.6,S
2021-06-11T14:20:41,100.0,22.6,S
2021-06-11T14:20:39,100.0,22.6,S
2021-06-11T14:20:38,100.0,22.6,S
2021-06-11T14:20:36,100.0,22.6,S
2021-06-11T14:20:34,100.0,22.6,S
2021-06-11T14:20:33,100.0,22.6,S
2021-06-11T14:20:29,100.0,22.6,S
2021-06-11T14:20:25,100.0,22.6,S
2021-06-11T14:20:23,100.0,22.6,S
2021-06-11T14:20:22,100.0,22.6,S
2021-06-11T14:20:18,100.0,22.6,S
2021-06-11T14:20:16,100.0,22.6,S
2021-06-11T14:20:14,100.0,22.6,S
2021-06-11T14:20:13,100.0,22.6,S
2021-06-11T14:20:12,100.0,22.6,S
2021-06-11T14:20:07,100.0,22.6,S
2021-06-11T14:20:07,100.0,22.6,S
2021-06-11T14:20:05,100.0,22.6,S
2021-06-11T14:20:01,100.0,22.6,S
2021-06-11T14:19:59,100.0,22.6,S
2021-06-11T14:19:57,100.0,22.6,S
2021-06-11T14:19:57,100.0,22.6,S
2021-06-11T14:19:55,100.0,22.6,S
2021-06-11T14:19:53,100.0,22.6,S
2021-06-11T14:19:51,100.0,22.6,S
2021-06-11T14:19:50,100.0,22.6,S
2021-06-11T14:19:49,100.0,22.6,S
2021-06-11T14:19:48,100.0,22.6,S
2021-06-11T14:19:44,100.0,22.6,S
2021-06-11T14:19:43,100.0,22.6,S
2021-06-11T14:19:41,100.0,22.6,S
2021-06-11T14:19:39,100.0,22.6,S
2021-06-11T14:19:37,100.0,22.6,S
2021-06-11T14:19:36,100.0,22.6,S
2021-06-11T14:19:34,100.0,22.6,S
2021-06-11T14:19:32,100.0,22.6,S
2021-06-11T14:19:31,100.0,22.6,S
2021-06-11T14:19:30,100.0,22.6,S
2021-06-11T14:19:28,100.0,22.6,S
2021-06-11T14:19:26,100.0,22.6,S
2021-06-11T14:19:24,100.0,22.6,S
2021-06-11T14:19:23,100.0,22.6,S
2021-06-11T14:19:17,100.0,22.6,S
2021-06-11T14:19:17,100.0,22.6,S
2021-06-11T14:19:17,100.0,22.6,S
2021-06-11T14:19:13,100.0,22.6,S
2021-06-11T14:19:11,100.0,22.6,S
2021-06-11T14:19:09,100.0,22.6,S
2021-06-11T14:19:08,100.0,22.6,S
2021-06-11T14:19:07,100.0,22.6,S
2021-06-11T14:19:07,100.0,22.6,S
2021-06-11T14:19:05,100.0,22.6,S
2021-06-11T14:19:04,200.0,22.65,S
2021-06-11T14:19:02,100.0,22.6,S
2021-06-11T14:19:01,100.0,22.6,S
2021-06-11T14:19:00,100.0,22.6,S
2021-06-11T14:18:59,100.0,22.6,S
2021-06-11T14:18:57,100.0,22.6,S
2021-06-11T14:18:55,100.0,22.6,S
2021-06-11T14:18:53,100.0,22.6,S
2021-06-11T14:18:52,100.0,22.6,S
2021-06-11T14:18:52,100.0,22.6,S
2021-06-11T14:18:49,100.0,22.6,S
2021-06-11T14:18:47,100.0,22.6,S
2021-06-11T14:18:47,100.0,22.6,S
2021-06-11T14:18:43,100.0,22.6,S
2021-06-11T14:18:41,100.0,22.6,S
2021-06-11T14:18:41,100.0,22.6,S
2021-06-11T14:18:39,100.0,22.6,S
2021-06-11T14:18:37,100.0,22.6,S
2021-06-11T14:18:37,1000.0,22.65,S
2021-06-11T14:18:36,100.0,22.6,S
2021-06-11T14:18:35,100.0,22.6,S
2021-06-11T14:18:35,100.0,22.6,S
2021-06-11T14:18:32,100.0,22.6,S
2021-06-11T14:18:31,100.0,22.6,S
2021-06-11T14:18:29,100.0,22.6,S
2021-06-11T14:18:28,100.0,22.6,S
2021-06-11T14:18:25,100.0,22.6,S
2021-06-11T14:18:25,100.0,22.6,S
2021-06-11T14:18:22,100.0,22.6,S
2021-06-11T14:18:20,100.0,22.6,S
2021-06-11T14:18:19,100.0,22.6,S
2021-06-11T14:18:18,100.0,22.6,S
2021-06-11T14:18:18,100.0,22.6,S
2021-06-11T14:18:16,100.0,22.6,S
2021-06-11T14:18:15,100.0,22.6,S
2021-06-11T14:18:13,100.0,22.6,S
2021-06-11T14:18:13,10000.0,22.65,S
2021-06-11T14:18:12,100.0,22.6,S
2021-06-11T14:18:10,100.0,22.6,S
2021-06-11T14:18:09,100.0,22.6,S
2021-06-11T14:18:08,100.0,22.6,S
2021-06-11T14:18:06,100.0,22.6,S
2021-06-11T14:18:04,100.0,22.6,S
2021-06-11T14:18:02,100.0,22.6,S
2021-06-11T14:18:00,100.0,22.6,S
2021-06-11T14:17:59,100.0,22.6,S
2021-06-11T14:17:57,100.0,22.6,S
2021-06-11T14:17:53,500.0,22.65,S
2021-06-11T14:17:53,100.0,22.6,S
2021-06-11T14:17:53,100.0,22.6,S
2021-06-11T14:17:53,100.0,22.6,S
2021-06-11T14:17:52,100.0,22.6,S
2021-06-11T14:17:50,100.0,22.6,S
2021-06-11T14:17:47,100.0,22.6,S
2021-06-11T14:17:43,100.0,22.6,S
2021-06-11T14:17:42,100.0,22.6,S
2021-06-11T14:17:40,100.0,22.6,S
2021-06-11T14:17:40,100.0,22.6,S
2021-06-11T14:17:38,100.0,22.6,S
2021-06-11T14:17:34,100.0,22.6,S
2021-06-11T14:17:34,100.0,22.6,S
2021-06-11T14:17:32,100.0,22.6,S
2021-06-11T14:17:30,100.0,22.6,S
2021-06-11T14:17:28,100.0,22.6,S
2021-06-11T14:17:27,100.0,22.6,S
2021-06-11T14:17:26,100.0,22.6,S
2021-06-11T14:17:24,100.0,22.6,S
2021-06-11T14:17:22,100.0,22.6,S
2021-06-11T14:17:19,100.0,22.6,S
2021-06-11T14:17:17,100.0,22.6,S
2021-06-11T14:17:16,100.0,22.6,S
2021-06-11T14:17:14,100.0,22.6,S
2021-06-11T14:17:10,100.0,22.6,S
2021-06-11T14:17:09,100.0,22.6,S
2021-06-11T14:17:08,100.0,22.6,S
2021-06-11T14:17:07,100.0,22.6,S
2021-06-11T14:16:56,100.0,22.6,S
2021-06-11T14:16:52,100.0,22.6,S
2021-06-11T14:16:49,100.0,22.6,S
2021-06-11T14:16:48,100.0,22.6,S
2021-06-11T14:16:46,100.0,22.6,S
2021-06-11T14:16:42,100.0,22.6,S
2021-06-11T14:16:42,100.0,22.6,S
2021-06-11T14:16:39,100.0,22.6,S
2021-06-11T14:16:32,100.0,22.6,S
2021-06-11T14:16:28,100.0,22.6,S
2021-06-11T14:16:25,100.0,22.6,S
2021-06-11T14:16:24,100.0,22.6,S
2021-06-11T14:16:21,100.0,22.6,S
2021-06-11T14:16:20,100.0,22.6,S
2021-06-11T14:16:17,100.0,22.6,S
2021-06-11T14:16:16,100.0,22.6,S
2021-06-11T14:16:15,100.0,22.6,S
2021-06-11T14:16:14,1800.0,22.6,S
2021-06-11T14:16:14,600.0,22.6,S
2021-06-11T14:16:14,4800.0,22.6,S
2021-06-11T14:16:14,500.0,22.6,S
2021-06-11T14:16:14,2000.0,22.6,S
2021-06-11T14:16:13,300.0,22.6,S
2021-06-11T14:16:11,100.0,22.6,S
2021-06-11T14:16:11,100.0,22.6,S
2021-06-11T14:16:10,100.0,22.6,S
2021-06-11T14:16:08,100.0,22.6,S
2021-06-11T14:16:06,100.0,22.6,S
2021-06-11T14:16:01,100.0,22.6,S
2021-06-11T14:16:00,100.0,22.6,S
2021-06-11T14:15:59,100.0,22.6,S
2021-06-11T14:15:57,100.0,22.6,S
2021-06-11T14:15:55,100.0,22.6,S
2021-06-11T14:15:54,100.0,22.6,S
2021-06-11T14:15:50,100.0,22.6,S
2021-06-11T14:15:49,100.0,22.6,S
2021-06-11T14:15:47,100.0,22.6,S
2021-06-11T14:15:46,100.0,22.6,S
2021-06-11T14:15:46,100.0,22.6,S
2021-06-11T14:15:42,100.0,22.6,S
2021-06-11T14:15:41,100.0,22.6,S
2021-06-11T14:15:40,100.0,22.6,S
2021-06-11T14:15:39,100.0,22.6,S
2021-06-11T14:15:39,100.0,22.6,S
2021-06-11T14:15:35,100.0,22.6,S
2021-06-11T14:15:35,100.0,22.6,S
2021-06-11T14:15:32,100.0,22.6,S
2021-06-11T14:15:32,100.0,22.6,S
2021-06-11T14:15:28,7700.0,22.6,S
2021-06-11T14:15:28,2300.0,22.6,S
2021-06-11T14:15:27,100.0,22.6,S
2021-06-11T14:15:24,100.0,22.6,S
2021-06-11T14:15:24,100.0,22.6,S
2021-06-11T14:15:18,100.0,22.6,S
2021-06-11T14:15:17,100.0,22.6,S
2021-06-11T14:15:16,100.0,22.6,S
2021-06-11T14:15:12,100.0,22.6,S
2021-06-11T14:15:12,100.0,22.6,S
2021-06-11T14:15:10,100.0,22.6,S
2021-06-11T14:15:08,100.0,22.6,S
2021-06-11T14:15:07,100.0,22.6,S
2021-06-11T14:15:05,100.0,22.6,S
2021-06-11T14:15:04,100.0,22.6,S
2021-06-11T14:15:01,100.0,22.6,S
2021-06-11T14:15:00,100.0,22.6,S
2021-06-11T14:14:59,100.0,22.6,S
2021-06-11T14:14:58,100.0,22.6,S
2021-06-11T14:14:57,100.0,22.6,S
2021-06-11T14:14:56,100.0,22.6,S
2021-06-11T14:14:54,100.0,22.6,S
2021-06-11T14:14:52,100.0,22.6,S
2021-06-11T14:14:50,100.0,22.6,S
2021-06-11T14:14:47,100.0,22.6,S
2021-06-11T14:14:46,100.0,22.6,S
2021-06-11T14:14:44,100.0,22.6,S
2021-06-11T14:14:41,100.0,22.6,S
2021-06-11T14:14:39,100.0,22.6,S
2021-06-11T14:14:38,100.0,22.6,S
2021-06-11T14:14:34,100.0,22.6,S
2021-06-11T14:14:33,100.0,22.6,S
2021-06-11T14:14:32,100.0,22.6,S
2021-06-11T14:14:30,100.0,22.6,S
2021-06-11T14:14:28,100.0,22.6,S
2021-06-11T14:14:27,100.0,22.6,S
2021-06-11T14:14:25,100.0,22.6,S
2021-06-11T14:14:22,100.0,22.6,S
2021-06-11T14:14:21,100.0,22.6,S
2021-06-11T14:14:19,100.0,22.6,S
2021-06-11T14:14:17,100.0,22.6,S
2021-06-11T14:14:16,1000.0,22.65,S
2021-06-11T14:14:14,100.0,22.6,S
2021-06-11T14:14:13,100.0,22.6,S
2021-06-11T14:14:08,100.0,22.6,S
2021-06-11T14:14:07,100.0,22.6,S
2021-06-11T14:14:06,100.0,22.6,S
2021-06-11T14:14:06,300.0,22.65,S
2021-06-11T14:14:05,100.0,22.6,S
2021-06-11T14:14:04,100.0,22.6,S
2021-06-11T14:14:01,100.0,22.6,S
2021-06-11T14:13:59,100.0,22.6,S
2021-06-11T14:13:57,100.0,22.6,S
2021-06-11T14:13:57,100.0,22.6,S
2021-06-11T14:13:54,100.0,22.6,S
2021-06-11T14:13:53,100.0,22.6,S
2021-06-11T14:13:52,100.0,22.6,S
2021-06-11T14:13:51,100.0,22.6,S
2021-06-11T14:13:49,100.0,22.6,S
2021-06-11T14:13:49,100.0,22.6,S
2021-06-11T14:13:49,400.0,22.6,S
2021-06-11T14:13:47,100.0,22.6,S
2021-06-11T14:13:44,100.0,22.6,S
2021-06-11T14:13:42,100.0,22.6,S
2021-06-11T14:13:42,100.0,22.6,S
2021-06-11T14:13:42,100.0,22.6,S
2021-06-11T14:13:39,400.0,22.65,S
2021-06-11T14:13:39,100.0,22.6,S
2021-06-11T14:13:37,100.0,22.6,S
2021-06-11T14:13:34,100.0,22.6,S
2021-06-11T14:13:33,100.0,22.6,S
2021-06-11T14:13:30,100.0,22.6,S
2021-06-11T14:13:27,100.0,22.6,S
2021-06-11T14:13:24,100.0,22.6,S
2021-06-11T14:13:21,100.0,22.6,S
2021-06-11T14:13:19,100.0,22.65,S
2021-06-11T14:13:15,100.0,22.65,S
2021-06-11T14:13:13,100.0,22.65,S
2021-06-11T14:13:10,100.0,22.65,S
2021-06-11T14:13:08,100.0,22.65,S
2021-06-11T14:13:07,100.0,22.6,S
2021-06-11T14:13:07,2000.0,22.6,S
2021-06-11T14:13:02,100.0,22.6,S
2021-06-11T14:13:01,100.0,22.6,S
2021-06-11T14:12:59,100.0,22.6,S
2021-06-11T14:12:57,100.0,22.6,S
2021-06-11T14:12:55,100.0,22.6,S
2021-06-11T14:12:53,100.0,22.6,S
2021-06-11T14:12:52,100.0,22.6,S
2021-06-11T14:12:50,2000.0,22.6,S
2021-06-11T14:12:50,7200.0,22.65,S
2021-06-11T14:12:50,6200.0,22.65,S
2021-06-11T14:12:50,14600.0,22.65,S
2021-06-11T14:12:50,100.0,22.65,S
2021-06-11T14:12:48,100.0,22.65,S
2021-06-11T14:12:48,100.0,22.65,S
2021-06-11T14:12:45,100.0,22.65,S
2021-06-11T14:12:38,100.0,22.65,S
2021-06-11T14:12:35,100.0,22.65,S
2021-06-11T14:12:32,100.0,22.65,S
2021-06-11T14:12:31,100.0,22.65,S
2021-06-11T14:12:30,500.0,22.65,S
2021-06-11T14:12:29,100.0,22.65,S
2021-06-11T14:12:27,100.0,22.65,S
2021-06-11T14:12:26,100.0,22.65,S
2021-06-11T14:12:25,100.0,22.65,S
2021-06-11T14:12:24,100.0,22.65,S
2021-06-11T14:12:23,100.0,22.65,S
2021-06-11T14:12:20,100.0,22.65,S
2021-06-11T14:12:19,100.0,22.65,S
2021-06-11T14:12:18,10100.0,22.7,S
2021-06-11T14:12:16,100.0,22.65,S
2021-06-11T14:12:15,100.0,22.65,S
2021-06-11T14:12:14,100.0,22.65,S
2021-06-11T14:12:12,100.0,22.65,S
2021-06-11T14:12:11,100.0,22.65,S
2021-06-11T14:12:09,100.0,22.65,S
2021-06-11T14:12:07,100.0,22.65,S
2021-06-11T14:12:04,100.0,22.65,S
2021-06-11T14:12:04,8400.0,22.65,S
2021-06-11T14:12:02,100.0,22.65,S
2021-06-11T14:11:59,100.0,22.65,S
2021-06-11T14:11:59,100.0,22.65,S
2021-06-11T14:11:56,100.0,22.65,S
2021-06-11T14:11:54,100.0,22.65,S
2021-06-11T14:11:53,100.0,22.65,S
2021-06-11T14:11:52,100.0,22.65,S
2021-06-11T14:11:51,100.0,22.65,S
2021-06-11T14:11:50,1000.0,22.7,S
2021-06-11T14:11:49,100.0,22.65,S
2021-06-11T14:11:47,100.0,22.65,S
2021-06-11T14:11:43,100.0,22.65,S
2021-06-11T14:11:42,100.0,22.65,S
2021-06-11T14:11:39,100.0,22.65,S
2021-06-11T14:11:39,100.0,22.65,S
2021-06-11T14:11:37,100.0,22.65,S
2021-06-11T14:11:34,100.0,22.65,S
2021-06-11T14:11:32,100.0,22.65,S
2021-06-11T14:11:29,100.0,22.65,S
2021-06-11T14:11:28,100.0,22.65,S
2021-06-11T14:11:26,100.0,22.65,S
2021-06-11T14:11:24,100.0,22.65,S
2021-06-11T14:11:23,100.0,22.65,S
2021-06-11T14:11:21,100.0,22.65,S
2021-06-11T14:11:18,100.0,22.65,S
2021-06-11T14:11:14,100.0,22.65,S
2021-06-11T14:11:14,100.0,22.65,S
2021-06-11T14:11:14,100.0,22.65,S
2021-06-11T14:11:13,100.0,22.65,S
2021-06-11T14:11:10,100.0,22.65,S
2021-06-11T14:11:09,100.0,22.65,S
2021-06-11T14:11:09,100.0,22.65,S
2021-06-11T14:11:08,100.0,22.65,S
2021-06-11T14:11:02,100.0,22.65,S
2021-06-11T14:10:59,100.0,22.65,S
2021-06-11T14:10:57,100.0,22.65,S
2021-06-11T14:10:55,100.0,22.65,S
2021-06-11T14:10:55,100.0,22.65,S
2021-06-11T14:10:55,100.0,22.65,S
2021-06-11T14:10:55,1000.0,22.7,S
2021-06-11T14:10:54,100.0,22.65,S
2021-06-11T14:10:53,100.0,22.65,S
2021-06-11T14:10:51,100.0,22.65,S
2021-06-11T14:10:49,100.0,22.65,S
2021-06-11T14:10:48,100.0,22.65,S
2021-06-11T14:10:47,100.0,22.65,S
2021-06-11T14:10:46,100.0,22.65,S
2021-06-11T14:10:45,100.0,22.65,S
2021-06-11T14:10:44,100.0,22.65,S
2021-06-11T14:10:42,100.0,22.65,S
2021-06-11T14:10:41,100.0,22.65,S
2021-06-11T14:10:38,100.0,22.65,S
2021-06-11T14:10:37,100.0,22.65,S
2021-06-11T14:10:35,100.0,22.65,S
2021-06-11T14:10:35,100.0,22.65,S
2021-06-11T14:10:33,100.0,22.65,S
2021-06-11T14:10:32,100.0,22.65,S
2021-06-11T14:10:30,100.0,22.65,S
2021-06-11T14:10:28,100.0,22.65,S
2021-06-11T14:10:28,100.0,22.65,S
2021-06-11T14:10:26,100.0,22.65,S
2021-06-11T14:10:23,100.0,22.65,S
2021-06-11T14:10:21,100.0,22.65,S
2021-06-11T14:10:16,100.0,22.65,S
2021-06-11T14:10:14,100.0,22.65,S
2021-06-11T14:10:14,100.0,22.65,S
2021-06-11T14:10:10,100.0,22.65,S
2021-06-11T14:10:10,100.0,22.65,S
2021-06-11T14:10:09,100.0,22.65,S
2021-06-11T14:10:07,100.0,22.65,S
2021-06-11T14:10:07,100.0,22.65,S
2021-06-11T14:10:07,600.0,22.7,S
2021-06-11T14:10:07,100.0,22.65,S
2021-06-11T14:10:05,100.0,22.65,S
2021-06-11T14:10:02,100.0,22.65,S
2021-06-11T14:10:02,1000.0,22.7,S
2021-06-11T14:10:01,100.0,22.65,S
2021-06-11T14:10:01,100.0,22.65,S
2021-06-11T14:09:56,100.0,22.65,S
2021-06-11T14:09:52,8100.0,22.7,S
2021-06-11T14:09:52,200.0,22.7,S
2021-06-11T14:09:52,1000.0,22.7,S
2021-06-11T14:09:52,32400.0,22.7,S
2021-06-11T14:09:49,100.0,22.7,S
2021-06-11T14:09:48,100.0,22.7,S
2021-06-11T14:09:39,100.0,22.7,S
2021-06-11T14:09:38,100.0,22.7,S
2021-06-11T14:09:32,100.0,22.7,S
2021-06-11T14:09:31,100.0,22.7,S
2021-06-11T14:09:28,100.0,22.7,S
2021-06-11T14:09:26,100.0,22.7,S
2021-06-11T14:09:26,100.0,22.7,S
2021-06-11T14:09:22,100.0,22.7,S
2021-06-11T14:09:22,200.0,22.75,B
2021-06-11T14:09:21,100.0,22.7,S
2021-06-11T14:09:19,100.0,22.7,S
2021-06-11T14:09:18,100.0,22.7,S
2021-06-11T14:09:17,100.0,22.7,S
2021-06-11T14:09:16,100.0,22.7,S
2021-06-11T14:09:14,100.0,22.7,S
2021-06-11T14:09:11,100.0,22.7,S
2021-06-11T14:09:08,100.0,22.7,S
2021-06-11T14:09:05,100.0,22.7,S
2021-06-11T14:09:04,7800.0,22.7,S
2021-06-11T14:09:04,600.0,22.7,S
2021-06-11T14:09:03,1600.0,22.7,S
2021-06-11T14:09:03,100.0,22.7,S
2021-06-11T14:09:02,100.0,22.7,S
2021-06-11T14:09:00,100.0,22.7,S
2021-06-11T14:08:59,100.0,22.7,S
2021-06-11T14:08:56,100.0,22.7,S
2021-06-11T14:08:55,100.0,22.7,S
2021-06-11T14:08:53,100.0,22.7,S
2021-06-11T14:08:51,100.0,22.7,S
2021-06-11T14:08:48,100.0,22.7,S
2021-06-11T14:08:47,100.0,22.7,S
2021-06-11T14:08:46,100.0,22.7,S
2021-06-11T14:08:43,100.0,22.7,S
2021-06-11T14:08:43,100.0,22.7,S
2021-06-11T14:08:41,100.0,22.7,S
2021-06-11T14:08:40,100.0,22.7,S
2021-06-11T14:08:38,100.0,22.7,S
2021-06-11T14:08:38,100.0,22.7,S
2021-06-11T14:08:33,100.0,22.7,S
2021-06-11T14:08:32,100.0,22.7,S
2021-06-11T14:08:30,100.0,22.7,S
2021-06-11T14:08:29,100.0,22.7,S
2021-06-11T14:08:26,100.0,22.7,S
2021-06-11T14:08:25,100.0,22.7,S
2021-06-11T14:08:24,800.0,22.7,S
2021-06-11T14:08:23,100.0,22.7,S
2021-06-11T14:08:20,100.0,22.7,S
2021-06-11T14:08:19,100.0,22.7,S
2021-06-11T14:08:17,100.0,22.7,S
2021-06-11T14:08:14,100.0,22.7,S
2021-06-11T14:08:11,100.0,22.7,S
2021-06-11T14:08:10,100.0,22.7,S
2021-06-11T14:08:08,100.0,22.7,S
2021-06-11T14:08:06,100.0,22.7,S
2021-06-11T14:08:05,100.0,22.7,S
2021-06-11T14:08:04,100.0,22.7,S
2021-06-11T14:08:03,100.0,22.7,S
2021-06-11T14:08:01,100.0,22.7,S
2021-06-11T14:08:00,100.0,22.7,S
2021-06-11T14:07:59,100.0,22.7,S
2021-06-11T14:07:57,100.0,22.7,S
2021-06-11T14:07:57,100.0,22.7,S
2021-06-11T14:07:55,100.0,22.7,S
2021-06-11T14:07:54,100.0,22.7,S
2021-06-11T14:07:52,100.0,22.7,S
2021-06-11T14:07:49,100.0,22.7,S
2021-06-11T14:07:47,100.0,22.7,S
2021-06-11T14:07:45,100.0,22.7,S
2021-06-11T14:07:43,100.0,22.7,S
2021-06-11T14:07:42,100.0,22.7,S
2021-06-11T14:07:37,100.0,22.7,S
2021-06-11T14:07:37,100.0,22.7,S
2021-06-11T14:07:35,100.0,22.7,S
2021-06-11T14:07:34,100.0,22.7,S
2021-06-11T14:07:33,100.0,22.7,S
2021-06-11T14:07:30,100.0,22.7,S
2021-06-11T14:07:29,100.0,22.7,S
2021-06-11T14:07:24,100.0,22.7,S
2021-06-11T14:07:22,100.0,22.7,S
2021-06-11T14:07:22,5000.0,22.7,S
2021-06-11T14:07:22,100.0,22.7,S
2021-06-11T14:07:22,14900.0,22.7,S
2021-06-11T14:07:21,100.0,22.7,S
2021-06-11T14:07:20,100.0,22.7,S
2021-06-11T14:07:20,100.0,22.7,S
2021-06-11T14:07:19,100.0,22.7,S
2021-06-11T14:07:19,100.0,22.7,S
2021-06-11T14:07:17,1300.0,22.7,S
2021-06-11T14:07:14,100.0,22.7,S
2021-06-11T14:07:12,100.0,22.7,S
2021-06-11T14:07:09,100.0,22.7,S
2021-06-11T14:07:09,100.0,22.7,S
2021-06-11T14:07:09,100.0,22.7,S
2021-06-11T14:07:08,100.0,22.7,S
2021-06-11T14:07:06,100.0,22.7,S
2021-06-11T14:07:02,100.0,22.7,S
2021-06-11T14:07:01,100.0,22.7,S
2021-06-11T14:07:00,100.0,22.7,S
2021-06-11T14:07:00,100.0,22.7,S
2021-06-11T14:06:58,100.0,22.7,S
2021-06-11T14:06:55,100.0,22.7,S
2021-06-11T14:06:54,100.0,22.7,S
2021-06-11T14:06:52,100.0,22.7,S
2021-06-11T14:06:51,100.0,22.7,S
2021-06-11T14:06:49,100.0,22.7,S
2021-06-11T14:06:47,100.0,22.7,S
2021-06-11T14:06:47,100.0,22.7,S
2021-06-11T14:06:46,100.0,22.7,S
2021-06-11T14:06:44,100.0,22.7,S
2021-06-11T14:06:43,100.0,22.7,S
2021-06-11T14:06:43,100.0,22.7,S
2021-06-11T14:06:41,100.0,22.7,S
2021-06-11T14:06:41,100.0,22.7,S
2021-06-11T14:06:40,100.0,22.7,S
2021-06-11T14:06:40,100.0,22.7,S
2021-06-11T14:06:39,100.0,22.7,S
2021-06-11T14:06:29,100.0,22.7,S
2021-06-11T14:06:26,100.0,22.7,S
2021-06-11T14:06:23,100.0,22.7,S
2021-06-11T14:06:19,100.0,22.7,S
2021-06-11T14:06:18,100.0,22.7,S
2021-06-11T14:06:15,100.0,22.7,S
2021-06-11T14:06:09,100.0,22.7,S
2021-06-11T14:06:07,100.0,22.7,S
2021-06-11T14:06:03,100.0,22.7,S
2021-06-11T14:06:02,100.0,22.7,S
2021-06-11T14:05:59,100.0,22.7,S
2021-06-11T14:05:59,200.0,22.7,S
2021-06-11T14:05:57,100.0,22.7,S
2021-06-11T14:05:56,200.0,22.75,S
2021-06-11T14:05:56,100.0,22.7,S
2021-06-11T14:05:55,100.0,22.7,S
2021-06-11T14:05:54,100.0,22.7,S
2021-06-11T14:05:53,100.0,22.7,S
2021-06-11T14:05:51,100.0,22.7,S
2021-06-11T14:05:48,100.0,22.7,S
2021-06-11T14:05:47,100.0,22.7,S
2021-06-11T14:05:44,100.0,22.7,S
2021-06-11T14:05:42,100.0,22.7,S
2021-06-11T14:05:35,100.0,22.7,S
2021-06-11T14:05:34,100.0,22.7,S
2021-06-11T14:05:34,100.0,22.7,S
2021-06-11T14:05:33,100.0,22.7,S
2021-06-11T14:05:29,100.0,22.7,S
2021-06-11T14:05:29,3500.0,22.75,S
2021-06-11T14:05:29,1200.0,22.75,S
2021-06-11T14:05:29,1000.0,22.75,S
2021-06-11T14:05:28,4100.0,22.75,S
2021-06-11T14:05:26,100.0,22.75,S
2021-06-11T14:05:25,100.0,22.75,S
2021-06-11T14:05:22,100.0,22.75,S
2021-06-11T14:05:19,100.0,22.75,S
2021-06-11T14:05:18,100.0,22.75,S
2021-06-11T14:05:16,100.0,22.75,S
2021-06-11T14:05:12,100.0,22.75,S
2021-06-11T14:05:11,100.0,22.75,S
2021-06-11T14:05:09,100.0,22.75,S
2021-06-11T14:05:09,100.0,22.75,S
2021-06-11T14:05:07,10000.0,22.75,S
2021-06-11T14:05:06,100.0,22.75,S
2021-06-11T14:05:04,100.0,22.75,S
2021-06-11T14:05:02,100.0,22.75,S
2021-06-11T14:05:01,100.0,22.75,S
2021-06-11T14:05:00,100.0,22.75,S
2021-06-11T14:04:57,100.0,22.75,S
2021-06-11T14:04:55,100.0,22.75,S
2021-06-11T14:04:53,100.0,22.75,S
2021-06-11T14:04:50,100.0,22.75,S
2021-06-11T14:04:48,100.0,22.75,S
2021-06-11T14:04:47,100.0,22.75,S
2021-06-11T14:04:46,100.0,22.75,S
2021-06-11T14:04:43,100.0,22.75,S
2021-06-11T14:04:42,100.0,22.75,S
2021-06-11T14:04:39,100.0,22.75,S
2021-06-11T14:04:38,100.0,22.75,S
2021-06-11T14:04:38,100.0,22.75,S
2021-06-11T14:04:36,100.0,22.75,S
2021-06-11T14:04:34,500.0,22.75,S
2021-06-11T14:04:34,100.0,22.75,S
2021-06-11T14:04:32,100.0,22.75,S
2021-06-11T14:04:29,100.0,22.75,S
2021-06-11T14:04:28,100.0,22.75,S
2021-06-11T14:04:25,100.0,22.75,S
2021-06-11T14:04:24,100.0,22.75,S
2021-06-11T14:04:21,100.0,22.75,S
2021-06-11T14:04:19,100.0,22.75,S
2021-06-11T14:04:18,100.0,22.75,S
2021-06-11T14:04:17,100.0,22.75,S
2021-06-11T14:04:15,100.0,22.75,S
2021-06-11T14:04:13,100.0,22.75,S
2021-06-11T14:04:11,100.0,22.75,S
2021-06-11T14:04:09,100.0,22.75,S
2021-06-11T14:04:08,100.0,22.75,S
2021-06-11T14:04:06,100.0,22.75,S
2021-06-11T14:04:04,100.0,22.75,S
2021-06-11T14:04:04,5000.0,22.8,B
2021-06-11T14:04:02,100.0,22.75,S
2021-06-11T14:04:00,100.0,22.75,S
2021-06-11T14:03:59,100.0,22.75,S
2021-06-11T14:03:58,100.0,22.75,S
2021-06-11T14:03:57,100.0,22.75,S
2021-06-11T14:03:53,100.0,22.75,S
2021-06-11T14:03:52,100.0,22.75,S
2021-06-11T14:03:50,100.0,22.75,S
2021-06-11T14:03:48,100.0,22.75,S
2021-06-11T14:03:47,100.0,22.75,S
2021-06-11T14:03:45,100.0,22.75,S
2021-06-11T14:03:43,100.0,22.75,S
2021-06-11T14:03:41,100.0,22.75,S
2021-06-11T14:03:38,100.0,22.75,S
2021-06-11T14:03:36,100.0,22.75,S
2021-06-11T14:03:35,100.0,22.75,S
2021-06-11T14:03:32,100.0,22.75,S
2021-06-11T14:03:31,100.0,22.75,S
2021-06-11T14:03:29,100.0,22.75,S
2021-06-11T14:03:27,100.0,22.75,S
2021-06-11T14:03:26,100.0,22.75,S
2021-06-11T14:03:26,700.0,22.8,B
2021-06-11T14:03:24,100.0,22.75,S
2021-06-11T14:03:22,100.0,22.75,S
2021-06-11T14:03:20,100.0,22.75,S
2021-06-11T14:03:18,100.0,22.75,S
2021-06-11T14:03:17,100.0,22.75,S
2021-06-11T14:03:14,100.0,22.75,S
2021-06-11T14:03:12,100.0,22.75,S
2021-06-11T14:03:11,100.0,22.75,S
2021-06-11T14:03:09,100.0,22.75,S
2021-06-11T14:03:08,100.0,22.75,S
2021-06-11T14:03:06,100.0,22.75,S
2021-06-11T14:03:05,100.0,22.75,S
2021-06-11T14:03:03,100.0,22.75,S
2021-06-11T14:03:03,100.0,22.75,S
2021-06-11T14:03:00,100.0,22.75,S
2021-06-11T14:02:59,100.0,22.75,S
2021-06-11T14:02:58,100.0,22.75,S
2021-06-11T14:02:56,100.0,22.75,S
2021-06-11T14:02:53,300.0,22.8,S
2021-06-11T14:02:53,100.0,22.8,S
2021-06-11T14:02:51,400.0,22.8,S
2021-06-11T14:02:49,100.0,22.8,S
2021-06-11T14:02:49,100.0,22.8,S
2021-06-11T14:02:47,100.0,22.8,S
2021-06-11T14:02:45,100.0,22.8,S
2021-06-11T14:02:42,100.0,22.8,S
2021-06-11T14:02:40,100.0,22.8,S
2021-06-11T14:02:40,100.0,22.8,S
2021-06-11T14:02:38,1000.0,22.8,S
2021-06-11T14:02:38,100.0,22.8,S
2021-06-11T14:02:36,100.0,22.8,S
2021-06-11T14:02:33,100.0,22.8,S
2021-06-11T14:02:32,100.0,22.8,S
2021-06-11T14:02:29,100.0,22.8,S
2021-06-11T14:02:27,100.0,22.8,S
2021-06-11T14:02:25,100.0,22.8,S
2021-06-11T14:02:23,100.0,22.8,S
2021-06-11T14:02:20,100.0,22.8,S
2021-06-11T14:02:17,100.0,22.8,S
2021-06-11T14:02:16,100.0,22.8,S
2021-06-11T14:02:14,100.0,22.8,S
2021-06-11T14:02:13,100.0,22.8,S
2021-06-11T14:02:12,100.0,22.8,S
2021-06-11T14:02:10,200.0,22.8,S
2021-06-11T14:02:10,6300.0,22.8,S
2021-06-11T14:02:10,1900.0,22.8,S
2021-06-11T14:02:09,1600.0,22.8,S
2021-06-11T14:02:09,100.0,22.8,S
2021-06-11T14:02:08,100.0,22.8,S
2021-06-11T14:02:05,100.0,22.8,S
2021-06-11T14:02:04,100.0,22.8,S
2021-06-11T14:02:02,100.0,22.8,S
2021-06-11T14:02:00,100.0,22.8,S
2021-06-11T14:01:57,100.0,22.8,S
2021-06-11T14:01:56,300.0,22.8,S
2021-06-11T14:01:55,100.0,22.8,S
2021-06-11T14:01:53,100.0,22.8,S
2021-06-11T14:01:51,100.0,22.8,S
2021-06-11T14:01:49,100.0,22.8,S
2021-06-11T14:01:46,100.0,22.8,S
2021-06-11T14:01:46,100.0,22.8,S
2021-06-11T14:01:43,100.0,22.8,S
2021-06-11T14:01:41,100.0,22.8,S
2021-06-11T14:01:39,100.0,22.8,S
2021-06-11T14:01:39,100.0,22.8,S
2021-06-11T14:01:38,200.0,22.8,S
2021-06-11T14:01:33,100.0,22.8,S
2021-06-11T14:01:31,100.0,22.8,S
2021-06-11T14:01:28,100.0,22.8,S
2021-06-11T14:01:28,100.0,22.8,S
2021-06-11T14:01:26,100.0,22.8,S
2021-06-11T14:01:24,100.0,22.8,S
2021-06-11T14:01:22,100.0,22.8,S
2021-06-11T14:01:20,100.0,22.8,S
2021-06-11T14:01:18,100.0,22.8,S
2021-06-11T14:01:16,100.0,22.8,S
2021-06-11T14:01:14,100.0,22.8,S
2021-06-11T14:01:12,100.0,22.8,S
2021-06-11T14:01:10,100.0,22.8,S
2021-06-11T14:01:10,100.0,22.8,S
2021-06-11T14:01:08,100.0,22.8,S
2021-06-11T14:01:06,100.0,22.8,S
2021-06-11T14:01:04,100.0,22.8,S
2021-06-11T14:01:00,100.0,22.8,S
2021-06-11T14:00:59,100.0,22.8,S
2021-06-11T14:00:58,100.0,22.8,S
2021-06-11T14:00:54,100.0,22.8,S
2021-06-11T14:00:54,100.0,22.8,S
2021-06-11T14:00:53,100.0,22.8,S
2021-06-11T14:00:51,100.0,22.8,S
2021-06-11T14:00:49,100.0,22.8,S
2021-06-11T14:00:46,100.0,22.8,S
2021-06-11T14:00:45,100.0,22.8,S
2021-06-11T14:00:43,100.0,22.8,S
2021-06-11T14:00:42,2100.0,22.8,S
2021-06-11T14:00:40,100.0,22.8,S
2021-06-11T14:00:39,100.0,22.8,S
2021-06-11T14:00:37,100.0,22.8,S
2021-06-11T14:00:36,100.0,22.8,S
2021-06-11T14:00:35,100.0,22.8,S
2021-06-11T14:00:31,100.0,22.8,S
2021-06-11T14:00:28,100.0,22.8,S
2021-06-11T14:00:26,100.0,22.8,S
2021-06-11T14:00:23,100.0,22.8,S
2021-06-11T14:00:23,100.0,22.8,S
2021-06-11T14:00:22,100.0,22.8,S
2021-06-11T14:00:20,100.0,22.8,S
2021-06-11T14:00:18,100.0,22.8,S
2021-06-11T14:00:15,100.0,22.8,S
2021-06-11T14:00:14,100.0,22.8,S
2021-06-11T14:00:13,100.0,22.8,S
2021-06-11T14:00:11,300.0,22.8,S
2021-06-11T14:00:10,100.0,22.8,S
2021-06-11T14:00:08,100.0,22.8,S
2021-06-11T14:00:06,100.0,22.8,S
2021-06-11T14:00:05,100.0,22.8,S
2021-06-11T14:00:03,100.0,22.8,S
2021-06-11T14:00:00,100.0,22.8,S
2021-06-11T13:59:58,100.0,22.8,S
2021-06-11T13:59:56,100.0,22.8,S
2021-06-11T13:59:54,100.0,22.8,S
2021-06-11T13:59:53,100.0,22.8,S
2021-06-11T13:59:50,100.0,22.8,S
2021-06-11T13:59:49,100.0,22.8,S
2021-06-11T13:59:49,100.0,22.8,S
2021-06-11T13:59:45,100.0,22.8,S
2021-06-11T13:59:44,100.0,22.8,B
2021-06-11T13:59:41,100.0,22.8,B
2021-06-11T13:59:39,100.0,22.8,B
2021-06-11T13:59:37,100.0,22.8,B
2021-06-11T13:59:35,100.0,22.8,B
2021-06-11T13:59:35,100.0,22.8,B
2021-06-11T13:59:35,9200.0,22.8,B
2021-06-11T13:59:33,100.0,22.75,S
2021-06-11T13:59:29,100.0,22.75,S
2021-06-11T13:59:28,100.0,22.75,S
2021-06-11T13:59:26,100.0,22.75,S
2021-06-11T13:59:24,100.0,22.75,S
2021-06-11T13:59:23,100.0,22.75,S
2021-06-11T13:59:23,200.0,22.75,S
2021-06-11T13:59:19,100.0,22.75,S
2021-06-11T13:59:18,100.0,22.75,S
2021-06-11T13:59:17,100.0,22.75,S
2021-06-11T13:59:16,100.0,22.75,S
2021-06-11T13:59:15,100.0,22.75,S
2021-06-11T13:59:15,100.0,22.75,S
2021-06-11T13:59:09,100.0,22.75,S
2021-06-11T13:59:06,100.0,22.75,S
2021-06-11T13:59:06,100.0,22.75,S
2021-06-11T13:59:05,100.0,22.75,S
2021-06-11T13:59:05,100.0,22.75,S
2021-06-11T13:59:00,100.0,22.75,S
2021-06-11T13:58:58,100.0,22.75,S
2021-06-11T13:58:56,100.0,22.75,S
2021-06-11T13:58:55,1600.0,22.8,B
2021-06-11T13:58:53,100.0,22.75,S
2021-06-11T13:58:51,100.0,22.75,S
2021-06-11T13:58:50,100.0,22.75,S
2021-06-11T13:58:48,100.0,22.75,S
2021-06-11T13:58:47,100.0,22.75,S
2021-06-11T13:58:44,100.0,22.75,S
2021-06-11T13:58:41,100.0,22.75,S
2021-06-11T13:58:37,100.0,22.75,S
2021-06-11T13:58:35,100.0,22.75,S
2021-06-11T13:58:34,100.0,22.75,S
2021-06-11T13:58:32,100.0,22.75,S
2021-06-11T13:58:32,200.0,22.8,B
2021-06-11T13:58:31,100.0,22.75,S
2021-06-11T13:58:29,100.0,22.75,S
2021-06-11T13:58:27,100.0,22.75,S
2021-06-11T13:58:26,100.0,22.75,S
2021-06-11T13:58:24,100.0,22.75,S
2021-06-11T13:58:22,100.0,22.75,S
2021-06-11T13:58:22,100.0,22.75,S
2021-06-11T13:58:18,10000.0,22.8,B
2021-06-11T13:58:18,100.0,22.75,S
2021-06-11T13:58:17,100.0,22.8,B
2021-06-11T13:58:17,300.0,22.75,S
2021-06-11T13:58:16,100.0,22.75,S
2021-06-11T13:58:14,100.0,22.75,S
2021-06-11T13:58:13,100.0,22.75,S
2021-06-11T13:58:11,100.0,22.75,S
2021-06-11T13:58:09,100.0,22.75,S
2021-06-11T13:58:08,1000.0,22.75,S
2021-06-11T13:58:06,100.0,22.75,S
2021-06-11T13:58:04,100.0,22.75,S
2021-06-11T13:58:03,100.0,22.75,S
2021-06-11T13:58:01,100.0,22.75,S
2021-06-11T13:57:58,100.0,22.75,S
2021-06-11T13:57:57,100.0,22.75,S
2021-06-11T13:57:54,100.0,22.75,S
2021-06-11T13:57:53,100.0,22.75,S
2021-06-11T13:57:53,100.0,22.75,S
2021-06-11T13:57:51,100.0,22.75,S
2021-06-11T13:57:50,100.0,22.75,S
2021-06-11T13:57:48,100.0,22.75,S
2021-06-11T13:57:44,100.0,22.75,S
2021-06-11T13:57:44,100.0,22.75,S
2021-06-11T13:57:42,100.0,22.75,S
2021-06-11T13:57:40,100.0,22.75,S
2021-06-11T13:57:38,100.0,22.75,S
2021-06-11T13:57:36,100.0,22.75,S
2021-06-11T13:57:34,100.0,22.75,S
2021-06-11T13:57:32,100.0,22.75,S
2021-06-11T13:57:31,500.0,22.75,S
2021-06-11T13:57:30,100.0,22.75,S
2021-06-11T13:57:29,100.0,22.75,S
2021-06-11T13:57:28,100.0,22.7,S
2021-06-11T13:57:26,100.0,22.7,S
2021-06-11T13:57:26,100.0,22.7,S
2021-06-11T13:57:22,100.0,22.7,S
2021-06-11T13:57:20,100.0,22.7,S
2021-06-11T13:57:19,100.0,22.75,S
2021-06-11T13:57:17,100.0,22.75,S
2021-06-11T13:57:14,100.0,22.75,S
2021-06-11T13:57:13,100.0,22.75,S
2021-06-11T13:57:10,100.0,22.75,S
2021-06-11T13:57:09,100.0,22.7,S
2021-06-11T13:57:06,100.0,22.7,S
2021-06-11T13:57:04,100.0,22.7,S
2021-06-11T13:57:02,100.0,22.7,S
2021-06-11T13:57:01,100.0,22.7,S
2021-06-11T13:56:59,100.0,22.7,S
2021-06-11T13:56:58,100.0,22.7,S
2021-06-11T13:56:55,100.0,22.7,S
2021-06-11T13:56:54,100.0,22.7,S
2021-06-11T13:56:53,100.0,22.75,B
2021-06-11T13:56:52,100.0,22.75,B
2021-06-11T13:56:50,100.0,22.75,B
2021-06-11T13:56:49,1000.0,22.75,B
2021-06-11T13:56:49,17100.0,22.75,B
2021-06-11T13:56:48,100.0,22.7,S
2021-06-11T13:56:47,100.0,22.7,S
2021-06-11T13:56:45,100.0,22.7,S
2021-06-11T13:56:44,100.0,22.7,S
2021-06-11T13:56:42,100.0,22.7,S
2021-06-11T13:56:40,100.0,22.7,S
2021-06-11T13:56:38,100.0,22.7,S
2021-06-11T13:56:34,100.0,22.7,S
2021-06-11T13:56:34,100.0,22.7,S
2021-06-11T13:56:32,100.0,22.7,S
2021-06-11T13:56:29,100.0,22.7,S
2021-06-11T13:56:28,100.0,22.7,S
2021-06-11T13:56:25,100.0,22.7,S
2021-06-11T13:56:23,100.0,22.7,S
2021-06-11T13:56:23,100.0,22.7,S
2021-06-11T13:56:20,100.0,22.7,S
2021-06-11T13:56:18,100.0,22.7,S
2021-06-11T13:56:17,100.0,22.7,S
2021-06-11T13:56:17,100.0,22.7,S
2021-06-11T13:56:15,100.0,22.7,S
2021-06-11T13:56:11,100.0,22.7,S
2021-06-11T13:56:08,100.0,22.7,S
2021-06-11T13:56:07,500.0,22.75,B
2021-06-11T13:56:06,100.0,22.7,S
2021-06-11T13:56:05,100.0,22.7,S
2021-06-11T13:56:03,100.0,22.7,S
2021-06-11T13:56:02,100.0,22.7,S
2021-06-11T13:56:00,100.0,22.7,S
2021-06-11T13:55:59,500.0,22.7,S
2021-06-11T13:55:58,100.0,22.7,S
2021-06-11T13:55:56,100.0,22.7,S
2021-06-11T13:55:53,100.0,22.7,S
2021-06-11T13:55:52,100.0,22.7,S
2021-06-11T13:55:51,100.0,22.7,S
2021-06-11T13:55:48,100.0,22.7,S
2021-06-11T13:55:47,100.0,22.7,S
2021-06-11T13:55:46,100.0,22.7,S
2021-06-11T13:55:44,100.0,22.7,S
2021-06-11T13:55:44,100.0,22.7,S
2021-06-11T13:55:43,100.0,22.7,S
2021-06-11T13:55:43,100.0,22.7,S
2021-06-11T13:55:41,100.0,22.7,S
2021-06-11T13:55:41,100.0,22.7,S
2021-06-11T13:55:37,100.0,22.7,S
2021-06-11T13:55:37,100.0,22.7,S
2021-06-11T13:55:36,100.0,22.7,S
2021-06-11T13:55:33,100.0,22.7,S
2021-06-11T13:55:27,100.0,22.7,S
2021-06-11T13:55:25,100.0,22.7,S
2021-06-11T13:55:25,2400.0,22.75,B
2021-06-11T13:55:24,100.0,22.7,S
2021-06-11T13:55:22,100.0,22.7,S
2021-06-11T13:55:20,100.0,22.7,S
2021-06-11T13:55:17,100.0,22.7,S
2021-06-11T13:55:16,100.0,22.7,S
2021-06-11T13:55:13,100.0,22.7,S
2021-06-11T13:55:12,100.0,22.7,S
2021-06-11T13:55:11,100.0,22.7,S
2021-06-11T13:55:08,100.0,22.7,S
2021-06-11T13:55:07,100.0,22.7,S
2021-06-11T13:55:05,10000.0,22.7,S
2021-06-11T13:55:05,100.0,22.7,S
2021-06-11T13:55:04,100.0,22.7,S
2021-06-11T13:55:02,100.0,22.7,S
2021-06-11T13:54:58,100.0,22.7,S
2021-06-11T13:54:55,100.0,22.7,S
2021-06-11T13:54:53,100.0,22.7,S
2021-06-11T13:54:52,100.0,22.7,S
2021-06-11T13:54:52,1500.0,22.7,S
2021-06-11T13:54:51,100.0,22.7,S
2021-06-11T13:54:49,100.0,22.7,S
2021-06-11T13:54:47,100.0,22.7,S
2021-06-11T13:54:45,100.0,22.7,S
2021-06-11T13:54:43,100.0,22.7,S
2021-06-11T13:54:42,100.0,22.7,S
2021-06-11T13:54:40,100.0,22.7,S
2021-06-11T13:54:37,100.0,22.7,S
2021-06-11T13:54:36,100.0,22.7,S
2021-06-11T13:54:34,100.0,22.7,S
2021-06-11T13:54:32,100.0,22.7,S
2021-06-11T13:54:31,100.0,22.7,S
2021-06-11T13:54:29,100.0,22.7,S
2021-06-11T13:54:27,100.0,22.7,S
2021-06-11T13:54:25,100.0,22.7,S
2021-06-11T13:54:24,100.0,22.7,S
2021-06-11T13:54:23,100.0,22.7,S
2021-06-11T13:54:22,100.0,22.7,S
2021-06-11T13:54:21,100.0,22.7,S
2021-06-11T13:54:18,100.0,22.7,S
2021-06-11T13:54:15,100.0,22.7,S
2021-06-11T13:54:13,100.0,22.7,S
2021-06-11T13:54:12,100.0,22.7,S
2021-06-11T13:54:11,100.0,22.7,S
2021-06-11T13:54:09,100.0,22.7,S
2021-06-11T13:54:07,100.0,22.7,S
2021-06-11T13:54:07,1700.0,22.7,S
2021-06-11T13:54:07,8300.0,22.7,S
2021-06-11T13:54:04,100.0,22.7,S
2021-06-11T13:54:04,100.0,22.7,S
2021-06-11T13:54:02,100.0,22.7,S
2021-06-11T13:54:01,100.0,22.7,S
2021-06-11T13:53:59,100.0,22.7,S
2021-06-11T13:53:57,100.0,22.7,S
2021-06-11T13:53:57,100.0,22.7,S
2021-06-11T13:53:54,100.0,22.7,S
2021-06-11T13:53:52,100.0,22.7,S
2021-06-11T13:53:49,100.0,22.7,S
2021-06-11T13:53:48,100.0,22.7,S
2021-06-11T13:53:46,100.0,22.7,S
2021-06-11T13:53:45,100.0,22.7,S
2021-06-11T13:53:43,100.0,22.7,S
2021-06-11T13:53:42,100.0,22.7,S
2021-06-11T13:53:41,100.0,22.7,S
2021-06-11T13:53:40,100.0,22.7,S
2021-06-11T13:53:36,100.0,22.7,S
2021-06-11T13:53:33,100.0,22.7,B
2021-06-11T13:53:32,100.0,22.7,B
2021-06-11T13:53:32,6400.0,22.7,B
2021-06-11T13:53:32,5000.0,22.7,B
2021-06-11T13:53:31,8300.0,22.7,B
2021-06-11T13:53:31,100.0,22.65,S
2021-06-11T13:53:29,500.0,22.7,B
2021-06-11T13:53:29,100.0,22.65,S
2021-06-11T13:53:27,100.0,22.65,S
2021-06-11T13:53:25,100.0,22.65,S
2021-06-11T13:53:23,100.0,22.65,S
2021-06-11T13:53:20,100.0,22.65,S
2021-06-11T13:53:20,100.0,22.65,S
2021-06-11T13:53:20,5000.0,22.7,B
2021-06-11T13:53:19,100.0,22.65,S
2021-06-11T13:53:17,100.0,22.65,S
2021-06-11T13:53:15,100.0,22.65,S
2021-06-11T13:53:13,100.0,22.65,S
2021-06-11T13:53:12,100.0,22.65,S
2021-06-11T13:53:10,100.0,22.65,S
2021-06-11T13:53:07,100.0,22.65,S
2021-06-11T13:53:05,100.0,22.65,S
2021-06-11T13:53:04,3000.0,22.7,B
2021-06-11T13:53:04,100.0,22.65,S
2021-06-11T13:53:01,100.0,22.65,S
2021-06-11T13:53:00,100.0,22.65,S
2021-06-11T13:52:58,100.0,22.65,S
2021-06-11T13:52:57,100.0,22.65,S
2021-06-11T13:52:56,100.0,22.65,S
2021-06-11T13:52:53,100.0,22.65,S
2021-06-11T13:52:51,100.0,22.65,S
2021-06-11T13:52:51,100.0,22.65,S
2021-06-11T13:52:48,100.0,22.65,S
2021-06-11T13:52:46,100.0,22.65,S
2021-06-11T13:52:45,500.0,22.65,S
2021-06-11T13:52:43,100.0,22.65,S
2021-06-11T13:52:41,100.0,22.65,S
2021-06-11T13:52:40,100.0,22.65,S
2021-06-11T13:52:37,100.0,22.65,S
2021-06-11T13:52:35,100.0,22.65,S
2021-06-11T13:52:33,100.0,22.65,S
2021-06-11T13:52:32,100.0,22.65,S
2021-06-11T13:52:32,100.0,22.65,S
2021-06-11T13:52:28,100.0,22.65,S
2021-06-11T13:52:27,100.0,22.65,S
2021-06-11T13:52:25,100.0,22.65,S
2021-06-11T13:52:23,100.0,22.65,S
2021-06-11T13:52:20,100.0,22.65,S
2021-06-11T13:52:20,100.0,22.65,S
2021-06-11T13:52:18,100.0,22.65,S
2021-06-11T13:52:16,100.0,22.65,S
2021-06-11T13:52:15,100.0,22.65,S
2021-06-11T13:52:13,500.0,22.7,B
2021-06-11T13:52:13,100.0,22.65,S
2021-06-11T13:52:10,100.0,22.65,S
2021-06-11T13:52:09,100.0,22.65,S
2021-06-11T13:52:07,100.0,22.65,S
2021-06-11T13:52:06,100.0,22.65,S
2021-06-11T13:52:04,100.0,22.65,S
2021-06-11T13:52:03,100.0,22.65,S
2021-06-11T13:52:02,100.0,22.65,S
2021-06-11T13:52:00,100.0,22.65,S
2021-06-11T13:51:59,100.0,22.65,S
2021-06-11T13:51:56,100.0,22.65,S
2021-06-11T13:51:53,100.0,22.65,S
2021-06-11T13:51:52,100.0,22.65,S
2021-06-11T13:51:52,100.0,22.65,S
2021-06-11T13:51:49,100.0,22.65,S
2021-06-11T13:51:47,100.0,22.65,S
2021-06-11T13:51:46,100.0,22.65,S
2021-06-11T13:51:44,100.0,22.65,S
2021-06-11T13:51:43,100.0,22.65,S
2021-06-11T13:51:42,100.0,22.65,S
2021-06-11T13:51:38,100.0,22.65,S
2021-06-11T13:51:37,100.0,22.65,S
2021-06-11T13:51:36,100.0,22.65,S
2021-06-11T13:51:34,100.0,22.65,S
2021-06-11T13:51:34,100.0,22.65,S
2021-06-11T13:51:29,100.0,22.65,S
2021-06-11T13:51:28,100.0,22.65,S
2021-06-11T13:51:26,100.0,22.65,S
2021-06-11T13:51:25,500.0,22.7,B
2021-06-11T13:51:23,100.0,22.65,S
2021-06-11T13:51:19,100.0,22.65,S
2021-06-11T13:51:18,100.0,22.65,S
2021-06-11T13:51:15,100.0,22.65,S
2021-06-11T13:51:14,100.0,22.65,S
2021-06-11T13:51:11,100.0,22.65,S
2021-06-11T13:51:10,100.0,22.65,S
2021-06-11T13:51:09,100.0,22.65,S
2021-06-11T13:51:07,100.0,22.65,S
2021-06-11T13:51:05,100.0,22.65,S
2021-06-11T13:51:04,100.0,22.65,S
2021-06-11T13:51:01,100.0,22.65,S
2021-06-11T13:50:58,100.0,22.65,S
2021-06-11T13:50:58,100.0,22.65,S
2021-06-11T13:50:55,100.0,22.65,S
2021-06-11T13:50:53,100.0,22.65,S
2021-06-11T13:50:52,100.0,22.65,S
2021-06-11T13:50:51,100.0,22.65,S
2021-06-11T13:50:49,100.0,22.65,S
2021-06-11T13:50:48,100.0,22.65,S
2021-06-11T13:50:47,100.0,22.65,S
2021-06-11T13:50:45,100.0,22.65,S
2021-06-11T13:50:41,100.0,22.65,S
2021-06-11T13:50:39,100.0,22.65,S
2021-06-11T13:50:39,100.0,22.65,S
2021-06-11T13:50:35,100.0,22.65,S
2021-06-11T13:50:34,100.0,22.65,S
2021-06-11T13:50:33,100.0,22.65,S
2021-06-11T13:50:30,100.0,22.65,S
2021-06-11T13:50:28,100.0,22.65,S
2021-06-11T13:50:26,100.0,22.65,S
2021-06-11T13:50:25,100.0,22.65,S
2021-06-11T13:50:23,100.0,22.65,S
2021-06-11T13:50:21,100.0,22.65,S
2021-06-11T13:50:19,100.0,22.65,S
2021-06-11T13:50:19,100.0,22.65,S
2021-06-11T13:50:16,100.0,22.65,S
2021-06-11T13:50:14,100.0,22.65,S
2021-06-11T13:50:13,100.0,22.65,S
2021-06-11T13:50:11,100.0,22.65,S
2021-06-11T13:50:10,100.0,22.65,S
2021-06-11T13:50:08,100.0,22.65,S
2021-06-11T13:50:05,100.0,22.65,S
2021-06-11T13:50:02,100.0,22.65,S
2021-06-11T13:50:01,100.0,22.65,S
2021-06-11T13:49:59,100.0,22.65,S
2021-06-11T13:49:58,100.0,22.65,S
2021-06-11T13:49:55,100.0,22.65,S
2021-06-11T13:49:54,100.0,22.65,S
2021-06-11T13:49:52,100.0,22.65,S
2021-06-11T13:49:50,100.0,22.65,S
2021-06-11T13:49:47,1100.0,22.65,S
2021-06-11T13:49:47,100.0,22.65,S
2021-06-11T13:49:46,10000.0,22.65,S
2021-06-11T13:49:44,100.0,22.65,S
2021-06-11T13:49:42,100.0,22.65,S
2021-06-11T13:49:41,100.0,22.65,S
2021-06-11T13:49:40,2000.0,22.7,B
2021-06-11T13:49:39,100.0,22.65,S
2021-06-11T13:49:39,100.0,22.65,S
2021-06-11T13:49:36,100.0,22.65,S
2021-06-11T13:49:35,100.0,22.65,S
2021-06-11T13:49:32,100.0,22.65,S
2021-06-11T13:49:32,1000.0,22.65,S
2021-06-11T13:49:31,100.0,22.65,S
2021-06-11T13:49:29,100.0,22.65,S
2021-06-11T13:49:27,100.0,22.65,S
2021-06-11T13:49:25,100.0,22.65,S
2021-06-11T13:49:23,100.0,22.65,S
2021-06-11T13:49:21,100.0,22.65,S
2021-06-11T13:49:20,100.0,22.65,S
2021-06-11T13:49:18,100.0,22.65,S
2021-06-11T13:49:17,100.0,22.65,S
2021-06-11T13:49:15,100.0,22.65,S
2021-06-11T13:49:13,100.0,22.65,S
2021-06-11T13:49:11,100.0,22.65,S
2021-06-11T13:49:09,100.0,22.65,S
2021-06-11T13:49:08,100.0,22.65,S
2021-06-11T13:49:06,100.0,22.65,S
2021-06-11T13:49:03,100.0,22.65,S
2021-06-11T13:49:01,100.0,22.65,S
2021-06-11T13:48:59,100.0,22.65,S
2021-06-11T13:48:58,100.0,22.65,S
2021-06-11T13:48:56,100.0,22.65,S
2021-06-11T13:48:53,100.0,22.65,S
2021-06-11T13:48:53,300.0,22.65,S
2021-06-11T13:48:52,1000.0,22.7,B
2021-06-11T13:48:52,100.0,22.65,S
2021-06-11T13:48:50,100.0,22.65,S
2021-06-11T13:48:48,100.0,22.65,S
2021-06-11T13:48:47,100.0,22.65,S
2021-06-11T13:48:45,100.0,22.65,S
2021-06-11T13:48:43,100.0,22.65,S
2021-06-11T13:48:41,100.0,22.65,S
2021-06-11T13:48:38,100.0,22.65,S
2021-06-11T13:48:38,100.0,22.65,S
2021-06-11T13:48:36,100.0,22.65,S
2021-06-11T13:48:33,100.0,22.65,S
2021-06-11T13:48:32,100.0,22.65,S
2021-06-11T13:48:30,100.0,22.65,S
2021-06-11T13:48:28,100.0,22.65,S
2021-06-11T13:48:28,100.0,22.65,S
2021-06-11T13:48:26,100.0,22.65,S
2021-06-11T13:48:24,100.0,22.65,S
2021-06-11T13:48:23,100.0,22.65,S
2021-06-11T13:48:22,100.0,22.65,S
2021-06-11T13:48:21,100.0,22.65,S
2021-06-11T13:48:20,100.0,22.65,S
2021-06-11T13:48:18,100.0,22.65,S
2021-06-11T13:48:17,100.0,22.65,S
2021-06-11T13:48:14,100.0,22.65,S
2021-06-11T13:48:13,100.0,22.65,S
2021-06-11T13:48:12,100.0,22.65,S
2021-06-11T13:48:10,100.0,22.65,S
2021-06-11T13:48:08,100.0,22.65,S
2021-06-11T13:48:06,100.0,22.65,S
2021-06-11T13:48:05,100.0,22.65,S
2021-06-11T13:48:03,100.0,22.65,S
2021-06-11T13:48:03,100.0,22.65,S
2021-06-11T13:48:01,100.0,22.65,S
2021-06-11T13:47:58,100.0,22.65,S
2021-06-11T13:47:55,100.0,22.65,S
2021-06-11T13:47:52,100.0,22.65,S
2021-06-11T13:47:50,100.0,22.65,S
2021-06-11T13:47:49,100.0,22.65,S
2021-06-11T13:47:48,100.0,22.65,S
2021-06-11T13:47:47,100.0,22.65,S
2021-06-11T13:47:43,100.0,22.65,S
2021-06-11T13:47:41,100.0,22.65,S
2021-06-11T13:47:37,100.0,22.65,S
2021-06-11T13:47:36,100.0,22.65,S
2021-06-11T13:47:34,100.0,22.65,S
2021-06-11T13:47:33,100.0,22.65,S
2021-06-11T13:47:31,100.0,22.65,S
2021-06-11T13:47:29,100.0,22.65,S
2021-06-11T13:47:28,100.0,22.65,S
2021-06-11T13:47:25,100.0,22.65,S
2021-06-11T13:47:23,100.0,22.65,S
2021-06-11T13:47:21,100.0,22.65,S
2021-06-11T13:47:20,100.0,22.65,S
2021-06-11T13:47:16,100.0,22.65,S
2021-06-11T13:47:15,100.0,22.65,S
2021-06-11T13:47:13,100.0,22.65,S
2021-06-11T13:47:11,100.0,22.65,S
2021-06-11T13:47:09,100.0,22.65,S
2021-06-11T13:47:07,100.0,22.65,S
2021-06-11T13:47:06,100.0,22.65,S
2021-06-11T13:47:03,100.0,22.65,S
2021-06-11T13:47:02,100.0,22.65,S
2021-06-11T13:47:01,100.0,22.65,S
2021-06-11T13:47:01,1200.0,22.65,S
2021-06-11T13:47:01,2400.0,22.65,S
2021-06-11T13:47:01,1000.0,22.65,S
2021-06-11T13:47:00,5400.0,22.65,S
2021-06-11T13:46:58,100.0,22.65,S
2021-06-11T13:46:57,100.0,22.65,S
2021-06-11T13:46:56,100.0,22.65,S
2021-06-11T13:46:56,100.0,22.65,S
2021-06-11T13:46:53,100.0,22.65,S
2021-06-11T13:46:52,100.0,22.65,S
2021-06-11T13:46:50,100.0,22.65,S
2021-06-11T13:46:47,100.0,22.65,S
2021-06-11T13:46:46,100.0,22.65,S
2021-06-11T13:46:44,200.0,22.65,S
2021-06-11T13:46:44,100.0,22.65,S
2021-06-11T13:46:43,100.0,22.65,S
2021-06-11T13:46:41,5000.0,22.65,S
2021-06-11T13:46:41,100.0,22.65,S
2021-06-11T13:46:39,100.0,22.65,S
2021-06-11T13:46:37,100.0,22.65,S
2021-06-11T13:46:36,5000.0,22.65,S
2021-06-11T13:46:36,100.0,22.65,S
2021-06-11T13:46:34,100.0,22.65,S
2021-06-11T13:46:33,100.0,22.65,S
2021-06-11T13:46:32,100.0,22.65,S
2021-06-11T13:46:29,100.0,22.65,S
2021-06-11T13:46:27,100.0,22.65,S
2021-06-11T13:46:26,100.0,22.65,S
2021-06-11T13:46:24,100.0,22.65,S
2021-06-11T13:46:21,100.0,22.65,S
2021-06-11T13:46:19,1100.0,22.65,S
2021-06-11T13:46:17,100.0,22.65,S
2021-06-11T13:46:17,100.0,22.65,S
2021-06-11T13:46:15,300.0,22.7,B
2021-06-11T13:46:15,100.0,22.65,S
2021-06-11T13:46:13,100.0,22.65,S
2021-06-11T13:46:10,100.0,22.65,S
2021-06-11T13:46:08,100.0,22.65,S
2021-06-11T13:46:07,100.0,22.65,S
2021-06-11T13:46:06,100.0,22.65,S
2021-06-11T13:46:03,100.0,22.65,S
2021-06-11T13:46:01,100.0,22.65,S
2021-06-11T13:46:01,100.0,22.65,S
2021-06-11T13:45:57,100.0,22.65,S
2021-06-11T13:45:57,100.0,22.65,S
2021-06-11T13:45:56,1300.0,22.65,S
2021-06-11T13:45:56,100.0,22.65,S
2021-06-11T13:45:54,100.0,22.65,S
2021-06-11T13:45:53,100.0,22.65,S
2021-06-11T13:45:52,100.0,22.65,S
2021-06-11T13:45:49,100.0,22.7,B
2021-06-11T13:45:49,100.0,22.65,S
2021-06-11T13:45:49,100.0,22.65,S
2021-06-11T13:45:45,100.0,22.65,S
2021-06-11T13:45:45,100.0,22.65,S
2021-06-11T13:45:44,100.0,22.65,S
2021-06-11T13:45:42,100.0,22.65,S
2021-06-11T13:45:40,100.0,22.65,S
2021-06-11T13:45:40,100.0,22.65,S
2021-06-11T13:45:39,100.0,22.65,S
2021-06-11T13:45:31,100.0,22.65,S
2021-06-11T13:45:29,100.0,22.65,S
2021-06-11T13:45:27,100.0,22.65,S
2021-06-11T13:45:25,100.0,22.65,S
2021-06-11T13:45:23,100.0,22.65,S
2021-06-11T13:45:22,100.0,22.7,B
2021-06-11T13:45:21,100.0,22.65,S
2021-06-11T13:45:19,100.0,22.65,S
2021-06-11T13:45:18,100.0,22.65,S
2021-06-11T13:45:17,100.0,22.65,S
2021-06-11T13:45:16,100.0,22.65,S
2021-06-11T13:45:15,100.0,22.65,S
2021-06-11T13:45:14,100.0,22.65,S
2021-06-11T13:45:12,100.0,22.65,S
2021-06-11T13:45:09,100.0,22.65,S
2021-06-11T13:45:09,100.0,22.65,S
2021-06-11T13:45:06,100.0,22.65,S
2021-06-11T13:45:05,100.0,22.65,S
2021-06-11T13:45:04,100.0,22.65,S
2021-06-11T13:45:02,100.0,22.65,S
2021-06-11T13:44:59,100.0,22.65,S
2021-06-11T13:44:59,100.0,22.65,S
2021-06-11T13:44:58,1000.0,22.7,S
2021-06-11T13:44:58,100.0,22.65,S
2021-06-11T13:44:56,100.0,22.65,S
2021-06-11T13:44:55,100.0,22.65,S
2021-06-11T13:44:51,100.0,22.65,S
2021-06-11T13:44:50,100.0,22.65,S
2021-06-11T13:44:50,900.0,22.7,S
2021-06-11T13:44:47,100.0,22.7,S
2021-06-11T13:44:47,100.0,22.7,S
2021-06-11T13:44:45,100.0,22.7,S
2021-06-11T13:44:44,100.0,22.7,S
2021-06-11T13:44:42,1000.0,22.7,S
2021-06-11T13:44:42,100.0,22.7,S
2021-06-11T13:44:42,100.0,22.7,S
2021-06-11T13:44:41,100.0,22.7,S
2021-06-11T13:44:39,100.0,22.7,S
2021-06-11T13:44:37,100.0,22.7,S
2021-06-11T13:44:36,100.0,22.7,S
2021-06-11T13:44:35,100.0,22.7,S
2021-06-11T13:44:33,100.0,22.7,S
2021-06-11T13:44:31,100.0,22.7,S
2021-06-11T13:44:29,100.0,22.7,S
2021-06-11T13:44:27,100.0,22.7,S
2021-06-11T13:44:25,100.0,22.7,S
2021-06-11T13:44:24,100.0,22.7,S
2021-06-11T13:44:20,100.0,22.7,S
2021-06-11T13:44:18,100.0,22.7,S
2021-06-11T13:44:12,100.0,22.7,S
2021-06-11T13:44:10,100.0,22.7,S
2021-06-11T13:44:08,100.0,22.7,S
2021-06-11T13:44:07,100.0,22.7,S
2021-06-11T13:44:04,100.0,22.7,S
2021-06-11T13:44:00,100.0,22.7,S
2021-06-11T13:43:56,100.0,22.7,S
2021-06-11T13:43:54,100.0,22.7,S
2021-06-11T13:43:53,100.0,22.7,S
2021-06-11T13:43:51,100.0,22.7,S
2021-06-11T13:43:49,100.0,22.7,S
2021-06-11T13:43:48,100.0,22.7,S
2021-06-11T13:43:46,100.0,22.7,S
2021-06-11T13:43:44,100.0,22.7,S
2021-06-11T13:43:43,100.0,22.7,S
2021-06-11T13:43:40,100.0,22.7,S
2021-06-11T13:43:38,100.0,22.7,S
2021-06-11T13:43:37,100.0,22.7,S
2021-06-11T13:43:33,100.0,22.75,B
2021-06-11T13:43:33,100.0,22.75,B
2021-06-11T13:43:32,100.0,22.75,B
2021-06-11T13:43:31,4700.0,22.75,B
2021-06-11T13:43:30,100.0,22.7,S
2021-06-11T13:43:28,100.0,22.7,S
2021-06-11T13:43:26,100.0,22.7,S
2021-06-11T13:43:24,100.0,22.7,S
2021-06-11T13:43:23,100.0,22.7,S
2021-06-11T13:43:21,100.0,22.7,S
2021-06-11T13:43:19,100.0,22.7,S
2021-06-11T13:43:18,100.0,22.7,S
2021-06-11T13:43:14,100.0,22.7,S
2021-06-11T13:43:14,1300.0,22.7,S
2021-06-11T13:43:14,300.0,22.7,S
2021-06-11T13:43:13,400.0,22.7,S
2021-06-11T13:43:13,3100.0,22.7,S
2021-06-11T13:43:11,100.0,22.7,S
2021-06-11T13:43:10,100.0,22.7,S
2021-06-11T13:43:09,100.0,22.7,S
2021-06-11T13:43:06,100.0,22.7,S
2021-06-11T13:43:05,100.0,22.7,S
2021-06-11T13:43:04,100.0,22.7,S
2021-06-11T13:43:02,100.0,22.7,S
2021-06-11T13:43:01,100.0,22.7,S
2021-06-11T13:42:58,100.0,22.7,S
2021-06-11T13:42:55,100.0,22.7,S
2021-06-11T13:42:55,100.0,22.7,S
2021-06-11T13:42:53,100.0,22.7,S
2021-06-11T13:42:52,200.0,22.7,S
2021-06-11T13:42:50,100.0,22.7,S
2021-06-11T13:42:47,100.0,22.7,S
2021-06-11T13:42:45,100.0,22.7,S
2021-06-11T13:42:43,100.0,22.7,S
2021-06-11T13:42:42,100.0,22.7,S
2021-06-11T13:42:40,100.0,22.7,S
2021-06-11T13:42:40,100.0,22.7,S
2021-06-11T13:42:37,100.0,22.7,S
2021-06-11T13:42:36,100.0,22.7,S
2021-06-11T13:42:35,100.0,22.7,S
2021-06-11T13:42:32,100.0,22.7,S
2021-06-11T13:42:30,100.0,22.7,S
2021-06-11T13:42:27,100.0,22.7,S
2021-06-11T13:42:26,100.0,22.7,S
2021-06-11T13:42:24,100.0,22.7,S
2021-06-11T13:42:23,100.0,22.7,S
2021-06-11T13:42:22,100.0,22.7,S
2021-06-11T13:42:20,1000.0,22.75,B
2021-06-11T13:42:20,100.0,22.7,S
2021-06-11T13:42:18,100.0,22.7,S
2021-06-11T13:42:15,100.0,22.7,S
2021-06-11T13:42:13,100.0,22.7,S
2021-06-11T13:42:12,100.0,22.7,S
2021-06-11T13:42:10,100.0,22.7,S
2021-06-11T13:42:08,100.0,22.7,S
2021-06-11T13:42:07,100.0,22.7,S
2021-06-11T13:42:05,100.0,22.7,S
2021-06-11T13:42:04,100.0,22.7,S
2021-06-11T13:42:02,100.0,22.7,S
2021-06-11T13:42:00,100.0,22.7,S
2021-06-11T13:41:58,100.0,22.7,S
2021-06-11T13:41:56,100.0,22.7,S
2021-06-11T13:41:55,100.0,22.7,S
2021-06-11T13:41:54,100.0,22.7,S
2021-06-11T13:41:52,100.0,22.7,S
2021-06-11T13:41:49,100.0,22.7,S
2021-06-11T13:41:48,100.0,22.7,S
2021-06-11T13:41:44,100.0,22.7,S
2021-06-11T13:41:43,100.0,22.7,S
2021-06-11T13:41:41,100.0,22.7,S
2021-06-11T13:41:39,100.0,22.7,S
2021-06-11T13:41:37,100.0,22.7,S
2021-06-11T13:41:36,5000.0,22.75,S
2021-06-11T13:41:35,100.0,22.7,S
2021-06-11T13:41:34,100.0,22.7,S
2021-06-11T13:41:32,100.0,22.7,S
2021-06-11T13:41:31,100.0,22.7,S
2021-06-11T13:41:29,100.0,22.7,S
2021-06-11T13:41:28,100.0,22.7,S
2021-06-11T13:41:26,100.0,22.7,S
2021-06-11T13:41:25,100.0,22.7,S
2021-06-11T13:41:23,100.0,22.7,S
2021-06-11T13:41:21,100.0,22.7,S
2021-06-11T13:41:20,100.0,22.7,S
2021-06-11T13:41:17,100.0,22.7,S
2021-06-11T13:41:14,100.0,22.7,S
2021-06-11T13:41:12,100.0,22.7,S
2021-06-11T13:41:12,100.0,22.7,S
2021-06-11T13:41:10,100.0,22.7,S
2021-06-11T13:41:09,100.0,22.7,S
2021-06-11T13:41:08,100.0,22.7,S
2021-06-11T13:41:06,100.0,22.7,S
2021-06-11T13:41:05,100.0,22.7,S
2021-06-11T13:41:03,100.0,22.7,S
2021-06-11T13:41:03,100.0,22.7,S
2021-06-11T13:40:59,100.0,22.7,S
2021-06-11T13:40:58,100.0,22.7,S
2021-06-11T13:40:57,100.0,22.7,S
2021-06-11T13:40:57,100.0,22.7,S
2021-06-11T13:40:55,100.0,22.7,S
2021-06-11T13:40:53,100.0,22.7,S
2021-06-11T13:40:51,100.0,22.7,S
2021-06-11T13:40:50,1000.0,22.7,S
2021-06-11T13:40:50,100.0,22.7,S
2021-06-11T13:40:47,100.0,22.7,S
2021-06-11T13:40:46,100.0,22.7,S
2021-06-11T13:40:45,100.0,22.7,S
2021-06-11T13:40:44,100.0,22.7,S
2021-06-11T13:40:42,100.0,22.7,S
2021-06-11T13:40:40,100.0,22.7,S
2021-06-11T13:40:39,100.0,22.7,S
2021-06-11T13:40:36,100.0,22.7,S
2021-06-11T13:40:34,100.0,22.7,S
2021-06-11T13:40:33,100.0,22.7,S
2021-06-11T13:40:31,100.0,22.75,S
2021-06-11T13:40:30,100.0,22.75,S
2021-06-11T13:40:27,100.0,22.7,S
2021-06-11T13:40:23,100.0,22.7,S
2021-06-11T13:40:23,100.0,22.7,S
2021-06-11T13:40:18,100.0,22.7,S
2021-06-11T13:40:18,100.0,22.7,S
2021-06-11T13:40:16,100.0,22.7,S
2021-06-11T13:40:12,100.0,22.7,S
2021-06-11T13:40:09,100.0,22.7,S
2021-06-11T13:40:06,100.0,22.7,S
2021-06-11T13:40:04,100.0,22.7,S
2021-06-11T13:40:02,100.0,22.7,S
2021-06-11T13:40:00,100.0,22.7,S
2021-06-11T13:39:59,100.0,22.7,S
2021-06-11T13:39:57,100.0,22.7,S
2021-06-11T13:39:55,100.0,22.7,S
2021-06-11T13:39:53,100.0,22.7,S
2021-06-11T13:39:52,100.0,22.7,S
2021-06-11T13:39:49,100.0,22.7,S
2021-06-11T13:39:47,100.0,22.7,S
2021-06-11T13:39:47,100.0,22.7,S
2021-06-11T13:39:44,100.0,22.7,S
2021-06-11T13:39:43,100.0,22.7,S
2021-06-11T13:39:41,100.0,22.7,S
2021-06-11T13:39:39,100.0,22.7,S
2021-06-11T13:39:37,100.0,22.7,S
2021-06-11T13:39:35,100.0,22.7,S
2021-06-11T13:39:33,100.0,22.7,S
2021-06-11T13:39:32,100.0,22.7,S
2021-06-11T13:39:30,100.0,22.7,S
2021-06-11T13:39:28,100.0,22.7,S
2021-06-11T13:39:26,100.0,22.7,S
2021-06-11T13:39:24,100.0,22.7,S
2021-06-11T13:39:22,200.0,22.7,S
2021-06-11T13:39:19,100.0,22.7,S
2021-06-11T13:39:16,100.0,22.7,S
2021-06-11T13:39:15,100.0,22.7,S
2021-06-11T13:39:14,100.0,22.7,S
2021-06-11T13:39:13,300.0,22.7,S
2021-06-11T13:39:13,100.0,22.7,S
2021-06-11T13:39:12,100.0,22.7,S
2021-06-11T13:39:08,100.0,22.7,S
2021-06-11T13:39:06,100.0,22.7,S
2021-06-11T13:39:04,100.0,22.7,S
2021-06-11T13:39:02,100.0,22.7,S
2021-06-11T13:39:02,100.0,22.7,S
2021-06-11T13:38:59,100.0,22.7,S
2021-06-11T13:38:58,100.0,22.7,S
2021-06-11T13:38:55,100.0,22.7,S
2021-06-11T13:38:55,100.0,22.7,S
2021-06-11T13:38:52,100.0,22.75,S
2021-06-11T13:38:51,100.0,22.75,S
2021-06-11T13:38:50,100.0,22.75,S
2021-06-11T13:38:47,100.0,22.75,S
2021-06-11T13:38:45,100.0,22.75,S
2021-06-11T13:38:42,100.0,22.75,S
2021-06-11T13:38:42,100.0,22.75,S
2021-06-11T13:38:40,100.0,22.7,S
2021-06-11T13:38:39,100.0,22.7,S
2021-06-11T13:38:34,100.0,22.7,S
2021-06-11T13:38:33,100.0,22.7,S
2021-06-11T13:38:31,100.0,22.7,S
2021-06-11T13:38:31,10100.0,22.7,S
2021-06-11T13:38:29,100.0,22.8,S
2021-06-11T13:38:26,200.0,22.8,S
2021-06-11T13:38:26,300.0,22.8,S
2021-06-11T13:38:26,100.0,22.75,S
2021-06-11T13:38:24,100.0,22.75,S
2021-06-11T13:38:24,100.0,22.75,S
2021-06-11T13:38:22,100.0,22.75,S
2021-06-11T13:38:20,100.0,22.75,S
2021-06-11T13:38:20,200.0,22.75,S
2021-06-11T13:38:19,100.0,22.75,S
2021-06-11T13:38:18,100.0,22.75,S
2021-06-11T13:38:17,100.0,22.75,S
2021-06-11T13:38:16,100.0,22.75,S
2021-06-11T13:38:13,100.0,22.75,S
2021-06-11T13:38:11,100.0,22.75,S
2021-06-11T13:38:10,100.0,22.75,S
2021-06-11T13:38:08,100.0,22.75,S
2021-06-11T13:38:07,100.0,22.75,S
2021-06-11T13:38:06,100.0,22.75,S
2021-06-11T13:37:57,100.0,22.75,S
2021-06-11T13:37:55,100.0,22.75,S
2021-06-11T13:37:54,100.0,22.75,S
2021-06-11T13:37:52,100.0,22.75,S
2021-06-11T13:37:50,100.0,22.75,S
2021-06-11T13:37:49,100.0,22.85,S
2021-06-11T13:37:46,100.0,22.75,S
2021-06-11T13:37:44,100.0,22.75,S
2021-06-11T13:37:41,200.0,22.9,B
2021-06-11T13:37:39,100.0,22.75,S
2021-06-11T13:37:39,100.0,22.75,S
2021-06-11T13:37:36,100.0,22.75,S
2021-06-11T13:37:35,100.0,22.75,S
2021-06-11T13:37:34,100.0,22.75,S
2021-06-11T13:37:33,100.0,22.75,S
2021-06-11T13:37:32,100.0,22.85,B
2021-06-11T13:37:31,3800.0,22.75,S
2021-06-11T13:37:31,30600.0,22.75,S
2021-06-11T13:37:31,51400.0,22.75,S
2021-06-11T13:37:31,600.0,22.8,S
2021-06-11T13:37:31,5500.0,22.8,S
2021-06-11T13:37:31,30000.0,22.8,S
2021-06-11T13:37:31,4300.0,22.8,S
2021-06-11T13:37:31,11000.0,22.8,S
2021-06-11T13:37:31,5900.0,22.8,S
2021-06-11T13:37:31,2200.0,22.8,S
2021-06-11T13:37:31,1000.0,22.8,S
2021-06-11T13:37:31,21000.0,22.8,S
2021-06-11T13:37:31,5400.0,22.8,S
2021-06-11T13:37:30,100.0,22.85,B
2021-06-11T13:37:28,100.0,22.85,B
2021-06-11T13:37:27,200.0,22.85,B
2021-06-11T13:37:25,100.0,22.8,S
2021-06-11T13:37:25,100.0,22.8,S
2021-06-11T13:37:23,100.0,22.8,S
2021-06-11T13:37:23,100.0,22.8,S
2021-06-11T13:37:22,100.0,22.8,S
2021-06-11T13:37:22,3200.0,22.8,S
2021-06-11T13:37:21,100.0,22.8,S
2021-06-11T13:37:17,100.0,22.8,S
2021-06-11T13:37:16,100.0,22.8,S
2021-06-11T13:37:16,100.0,22.8,S
2021-06-11T13:37:14,100.0,22.8,S
2021-06-11T13:37:12,100.0,22.8,S
2021-06-11T13:37:09,100.0,22.8,S
2021-06-11T13:37:06,100.0,22.8,S
2021-06-11T13:37:05,100.0,22.8,S
2021-06-11T13:37:04,100.0,22.8,S
2021-06-11T13:37:02,100.0,22.8,S
2021-06-11T13:37:01,100.0,22.8,S
2021-06-11T13:36:59,100.0,22.8,S
2021-06-11T13:36:57,100.0,22.8,S
2021-06-11T13:36:56,100.0,22.8,S
2021-06-11T13:36:54,1200.0,22.85,B
2021-06-11T13:36:53,2200.0,22.85,B
2021-06-11T13:36:53,7800.0,22.85,B
2021-06-11T13:36:52,100.0,22.8,S
2021-06-11T13:36:50,100.0,22.8,S
2021-06-11T13:36:48,100.0,22.8,S
2021-06-11T13:36:46,100.0,22.8,S
2021-06-11T13:36:43,100.0,22.8,S
2021-06-11T13:36:42,100.0,22.8,S
2021-06-11T13:36:39,100.0,22.8,S
2021-06-11T13:36:35,100.0,22.8,S
2021-06-11T13:36:33,100.0,22.8,S
2021-06-11T13:36:31,100.0,22.8,S
2021-06-11T13:36:30,100.0,22.8,S
2021-06-11T13:36:29,100.0,22.8,S
2021-06-11T13:36:28,100.0,22.8,S
2021-06-11T13:36:24,100.0,22.8,S
2021-06-11T13:36:22,100.0,22.8,S
2021-06-11T13:36:20,100.0,22.8,S
2021-06-11T13:36:18,100.0,22.8,S
2021-06-11T13:36:17,100.0,22.8,S
2021-06-11T13:36:14,100.0,22.8,S
2021-06-11T13:36:13,100.0,22.8,S
2021-06-11T13:36:12,100.0,22.8,S
2021-06-11T13:36:09,100.0,22.8,S
2021-06-11T13:36:09,100.0,22.8,S
2021-06-11T13:36:05,100.0,22.8,S
2021-06-11T13:36:04,100.0,22.8,S
2021-06-11T13:36:02,100.0,22.8,S
2021-06-11T13:36:00,100.0,22.8,S
2021-06-11T13:35:59,100.0,22.8,S
2021-06-11T13:35:57,100.0,22.8,S
2021-06-11T13:35:55,100.0,22.8,S
2021-06-11T13:35:53,100.0,22.8,S
2021-06-11T13:35:52,100.0,22.8,S
2021-06-11T13:35:50,100.0,22.8,S
2021-06-11T13:35:49,100.0,22.8,S
2021-06-11T13:35:47,100.0,22.8,S
2021-06-11T13:35:46,100.0,22.8,S
2021-06-11T13:35:43,100.0,22.8,S
2021-06-11T13:35:40,100.0,22.8,S
2021-06-11T13:35:39,100.0,22.8,S
2021-06-11T13:35:36,100.0,22.8,S
2021-06-11T13:35:34,100.0,22.8,S
2021-06-11T13:35:33,100.0,22.8,S
2021-06-11T13:35:32,100.0,22.8,S
2021-06-11T13:35:29,100.0,22.8,S
2021-06-11T13:35:28,100.0,22.8,S
2021-06-11T13:35:25,100.0,22.8,S
2021-06-11T13:35:25,100.0,22.8,S
2021-06-11T13:35:23,100.0,22.8,S
2021-06-11T13:35:20,100.0,22.8,S
2021-06-11T13:35:19,100.0,22.8,S
2021-06-11T13:35:18,100.0,22.8,S
2021-06-11T13:35:16,100.0,22.8,S
2021-06-11T13:35:16,5000.0,22.85,B
2021-06-11T13:35:15,100.0,22.8,S
2021-06-11T13:35:14,100.0,22.8,S
2021-06-11T13:35:12,100.0,22.8,S
2021-06-11T13:35:11,100.0,22.8,S
2021-06-11T13:35:10,100.0,22.8,S
2021-06-11T13:35:08,100.0,22.8,S
2021-06-11T13:35:07,100.0,22.8,S
2021-06-11T13:35:06,100.0,22.8,S
2021-06-11T13:35:04,100.0,22.8,S
2021-06-11T13:35:03,100.0,22.8,S
2021-06-11T13:35:01,100.0,22.8,S
2021-06-11T13:34:58,100.0,22.8,S
2021-06-11T13:34:57,100.0,22.85,B
2021-06-11T13:34:57,100.0,22.8,S
2021-06-11T13:34:55,100.0,22.8,S
2021-06-11T13:34:54,100.0,22.8,S
2021-06-11T13:34:53,100.0,22.8,S
2021-06-11T13:34:51,100.0,22.8,S
2021-06-11T13:34:47,100.0,22.8,S
2021-06-11T13:34:47,100.0,22.8,S
2021-06-11T13:34:44,100.0,22.8,S
2021-06-11T13:34:43,100.0,22.8,S
2021-06-11T13:34:43,100.0,22.85,B
2021-06-11T13:34:42,100.0,22.8,S
2021-06-11T13:34:41,100.0,22.8,S
2021-06-11T13:34:39,100.0,22.8,S
2021-06-11T13:34:29,100.0,22.8,S
2021-06-11T13:34:28,100.0,22.8,S
2021-06-11T13:34:26,100.0,22.8,S
2021-06-11T13:34:26,100.0,22.8,S
2021-06-11T13:34:23,100.0,22.8,S
2021-06-11T13:34:23,100.0,22.8,S
2021-06-11T13:34:21,100.0,22.8,S
2021-06-11T13:34:21,100.0,22.8,S
2021-06-11T13:34:15,100.0,22.8,S
2021-06-11T13:34:15,9200.0,22.85,B
2021-06-11T13:34:13,100.0,22.8,S
2021-06-11T13:34:11,100.0,22.8,S
2021-06-11T13:34:11,200.0,22.8,S
2021-06-11T13:34:09,100.0,22.8,S
2021-06-11T13:34:08,100.0,22.8,S
2021-06-11T13:34:06,100.0,22.8,S
2021-06-11T13:34:04,100.0,22.8,S
2021-06-11T13:34:02,100.0,22.8,S
2021-06-11T13:33:59,100.0,22.8,S
2021-06-11T13:33:58,100.0,22.8,S
2021-06-11T13:33:58,100.0,22.8,S
2021-06-11T13:33:56,100.0,22.8,S
2021-06-11T13:33:55,100.0,22.8,S
2021-06-11T13:33:53,100.0,22.8,S
2021-06-11T13:33:52,100.0,22.8,S
2021-06-11T13:33:51,100.0,22.8,S
2021-06-11T13:33:50,100.0,22.8,S
2021-06-11T13:33:49,100.0,22.8,S
2021-06-11T13:33:47,100.0,22.8,S
2021-06-11T13:33:46,100.0,22.8,S
2021-06-11T13:33:45,100.0,22.8,S
2021-06-11T13:33:44,100.0,22.8,S
2021-06-11T13:33:43,100.0,22.8,S
2021-06-11T13:33:42,100.0,22.8,S
2021-06-11T13:33:40,100.0,22.8,S
2021-06-11T13:33:38,100.0,22.8,S
2021-06-11T13:33:36,100.0,22.8,S
2021-06-11T13:33:35,100.0,22.8,S
2021-06-11T13:33:34,500.0,22.85,B
2021-06-11T13:33:33,100.0,22.8,S
2021-06-11T13:33:29,100.0,22.8,S
2021-06-11T13:33:24,100.0,22.8,S
2021-06-11T13:33:22,100.0,22.8,S
2021-06-11T13:33:21,100.0,22.8,S
2021-06-11T13:33:19,100.0,22.8,S
2021-06-11T13:33:17,100.0,22.8,S
2021-06-11T13:33:15,100.0,22.8,S
2021-06-11T13:33:13,100.0,22.8,S
2021-06-11T13:33:10,1000.0,22.85,B
2021-06-11T13:33:10,100.0,22.8,S
2021-06-11T13:33:09,100.0,22.8,S
2021-06-11T13:33:07,100.0,22.8,S
2021-06-11T13:33:05,100.0,22.8,S
2021-06-11T13:33:03,100.0,22.8,S
2021-06-11T13:33:01,100.0,22.8,S
2021-06-11T13:33:00,100.0,22.8,S
2021-06-11T13:32:57,100.0,22.8,S
2021-06-11T13:32:54,100.0,22.8,S
2021-06-11T13:32:52,100.0,22.8,S
2021-06-11T13:32:51,7900.0,22.8,S
2021-06-11T13:32:51,1200.0,22.8,S
2021-06-11T13:32:49,900.0,22.8,S
2021-06-11T13:32:49,100.0,22.8,S
2021-06-11T13:32:47,100.0,22.8,S
2021-06-11T13:32:46,100.0,22.8,S
2021-06-11T13:32:45,100.0,22.8,S
2021-06-11T13:32:42,100.0,22.8,S
2021-06-11T13:32:40,100.0,22.8,S
2021-06-11T13:32:38,100.0,22.8,S
2021-06-11T13:32:38,30000.0,22.85,B
2021-06-11T13:32:38,100.0,22.8,S
2021-06-11T13:32:36,100.0,22.8,S
2021-06-11T13:32:35,100.0,22.8,S
2021-06-11T13:32:34,2000.0,22.85,B
2021-06-11T13:32:33,100.0,22.8,S
2021-06-11T13:32:32,100.0,22.8,S
2021-06-11T13:32:29,100.0,22.8,S
2021-06-11T13:32:28,100.0,22.8,S
2021-06-11T13:32:27,100.0,22.8,S
2021-06-11T13:32:24,100.0,22.8,S
2021-06-11T13:32:23,100.0,22.8,S
2021-06-11T13:32:21,100.0,22.8,S
2021-06-11T13:32:21,100.0,22.8,S
2021-06-11T13:32:19,100.0,22.8,S
2021-06-11T13:32:18,100.0,22.8,S
2021-06-11T13:32:15,100.0,22.8,S
2021-06-11T13:32:12,100.0,22.8,S
2021-06-11T13:32:11,100.0,22.8,S
2021-06-11T13:32:10,100.0,22.8,S
2021-06-11T13:32:09,100.0,22.8,S
2021-06-11T13:32:07,100.0,22.8,S
2021-06-11T13:32:06,6000.0,22.8,S
2021-06-11T13:32:06,100.0,22.8,S
2021-06-11T13:32:03,100.0,22.8,S
2021-06-11T13:32:03,100.0,22.8,S
2021-06-11T13:32:01,100.0,22.8,S
2021-06-11T13:32:00,100.0,22.8,S
2021-06-11T13:31:57,100.0,22.8,S
2021-06-11T13:31:55,100.0,22.8,S
2021-06-11T13:31:53,100.0,22.8,S
2021-06-11T13:31:52,100.0,22.85,B
2021-06-11T13:31:51,100.0,22.8,S
2021-06-11T13:31:50,100.0,22.8,S
2021-06-11T13:31:49,100.0,22.8,S
2021-06-11T13:31:47,100.0,22.8,S
2021-06-11T13:31:46,100.0,22.8,S
2021-06-11T13:31:45,100.0,22.8,S
2021-06-11T13:31:42,100.0,22.8,S
2021-06-11T13:31:40,100.0,22.8,S
2021-06-11T13:31:39,200.0,22.8,S
2021-06-11T13:31:37,400.0,22.8,S
2021-06-11T13:31:36,100.0,22.8,S
2021-06-11T13:31:34,200.0,22.8,S
2021-06-11T13:31:34,1800.0,22.8,S
2021-06-11T13:31:32,100.0,22.8,S
2021-06-11T13:31:32,100.0,22.8,S
2021-06-11T13:31:29,100.0,22.8,S
2021-06-11T13:31:28,100.0,22.8,S
2021-06-11T13:31:26,100.0,22.8,S
2021-06-11T13:31:24,100.0,22.8,S
2021-06-11T13:31:22,100.0,22.8,S
2021-06-11T13:31:20,100.0,22.8,S
2021-06-11T13:31:20,100.0,22.8,S
2021-06-11T13:31:19,100.0,22.8,S
2021-06-11T13:31:17,100.0,22.8,S
2021-06-11T13:31:15,100.0,22.8,S
2021-06-11T13:31:14,100.0,22.8,S
2021-06-11T13:31:11,100.0,22.8,S
2021-06-11T13:31:09,100.0,22.8,S
2021-06-11T13:31:08,100.0,22.8,S
2021-06-11T13:31:05,100.0,22.8,S
2021-06-11T13:31:03,100.0,22.8,S
2021-06-11T13:31:02,100.0,22.8,S
2021-06-11T13:31:01,100.0,22.8,S
2021-06-11T13:31:01,1400.0,22.85,B
2021-06-11T13:30:59,100.0,22.8,S
2021-06-11T13:30:59,100.0,22.8,S
2021-06-11T13:30:54,100.0,22.8,S
2021-06-11T13:30:54,100.0,22.8,S
2021-06-11T13:30:52,100.0,22.8,S
2021-06-11T13:30:50,100.0,22.8,S
2021-06-11T13:30:47,100.0,22.8,S
2021-06-11T13:30:45,100.0,22.8,S
2021-06-11T13:30:43,100.0,22.8,S
2021-06-11T13:30:42,8700.0,22.85,B
2021-06-11T13:30:42,100.0,22.8,S
2021-06-11T13:30:40,100.0,22.8,S
2021-06-11T13:30:36,100.0,22.8,S
2021-06-11T13:30:35,100.0,22.8,S
2021-06-11T13:30:33,100.0,22.8,S
2021-06-11T13:30:33,100.0,22.8,S
2021-06-11T13:30:31,100.0,22.8,S
2021-06-11T13:30:31,100.0,22.8,S
2021-06-11T13:30:28,100.0,22.8,S
2021-06-11T13:30:27,100.0,22.8,S
2021-06-11T13:30:26,100.0,22.8,S
2021-06-11T13:30:24,100.0,22.8,S
2021-06-11T13:30:23,100.0,22.8,S
2021-06-11T13:30:20,100.0,22.8,S
2021-06-11T13:30:20,200.0,22.85,B
2021-06-11T13:30:19,100.0,22.8,S
2021-06-11T13:30:17,100.0,22.8,S
2021-06-11T13:30:17,100.0,22.8,S
2021-06-11T13:30:15,100.0,22.8,S
2021-06-11T13:30:14,100.0,22.8,S
2021-06-11T13:30:12,100.0,22.8,S
2021-06-11T13:30:11,100.0,22.8,S
2021-06-11T13:30:09,100.0,22.8,S
2021-06-11T13:30:08,100.0,22.8,S
2021-06-11T13:30:06,100.0,22.8,S
2021-06-11T13:30:05,100.0,22.8,S
2021-06-11T13:30:02,100.0,22.8,S
2021-06-11T13:30:00,100.0,22.8,S
2021-06-11T13:29:58,100.0,22.8,S
2021-06-11T13:29:56,100.0,22.8,S
2021-06-11T13:29:53,100.0,22.8,S
2021-06-11T13:29:50,1100.0,22.8,S
2021-06-11T13:29:49,100.0,22.8,S
2021-06-11T13:29:48,5000.0,22.8,S
2021-06-11T13:29:46,100.0,22.8,S
2021-06-11T13:29:44,100.0,22.8,S
2021-06-11T13:29:42,100.0,22.8,S
2021-06-11T13:29:39,200.0,22.85,B
2021-06-11T13:29:38,100.0,22.8,S
2021-06-11T13:29:37,100.0,22.8,S
2021-06-11T13:29:35,100.0,22.8,S
2021-06-11T13:29:34,100.0,22.8,S
2021-06-11T13:29:32,100.0,22.8,S
2021-06-11T13:29:31,200.0,22.85,B
2021-06-11T13:29:30,100.0,22.8,S
2021-06-11T13:29:27,100.0,22.8,S
2021-06-11T13:29:23,100.0,22.8,S
2021-06-11T13:29:22,100.0,22.8,S
2021-06-11T13:29:20,100.0,22.8,S
2021-06-11T13:29:18,100.0,22.8,S
2021-06-11T13:29:15,100.0,22.8,S
2021-06-11T13:29:11,100.0,22.8,S
2021-06-11T13:29:08,100.0,22.8,S
2021-06-11T13:29:07,100.0,22.8,S
2021-06-11T13:29:05,100.0,22.8,S
2021-06-11T13:29:04,100.0,22.8,S
2021-06-11T13:29:01,100.0,22.8,S
2021-06-11T13:28:58,100.0,22.8,S
2021-06-11T13:28:56,100.0,22.8,S
2021-06-11T13:28:56,100.0,22.8,S
2021-06-11T13:28:54,100.0,22.8,S
2021-06-11T13:28:52,100.0,22.8,S
2021-06-11T13:28:51,100.0,22.8,S
2021-06-11T13:28:47,100.0,22.8,S
2021-06-11T13:28:46,10000.0,22.85,B
2021-06-11T13:28:45,100.0,22.8,S
2021-06-11T13:28:43,100.0,22.8,S
2021-06-11T13:28:42,100.0,22.8,S
2021-06-11T13:28:39,100.0,22.8,S
2021-06-11T13:28:38,100.0,22.8,S
2021-06-11T13:28:37,100.0,22.8,S
2021-06-11T13:28:36,100.0,22.8,S
2021-06-11T13:28:35,100.0,22.8,S
2021-06-11T13:28:33,100.0,22.8,S
2021-06-11T13:28:30,100.0,22.8,S
2021-06-11T13:28:28,100.0,22.8,S
2021-06-11T13:28:26,100.0,22.8,S
2021-06-11T13:28:25,100.0,22.8,S
2021-06-11T13:28:24,100.0,22.8,S
2021-06-11T13:28:22,100.0,22.8,S
2021-06-11T13:28:19,100.0,22.8,S
2021-06-11T13:28:18,1000.0,22.85,B
2021-06-11T13:28:17,100.0,22.8,S
2021-06-11T13:28:16,100.0,22.8,S
2021-06-11T13:28:15,100.0,22.8,S
2021-06-11T13:28:12,5100.0,22.85,B
2021-06-11T13:28:09,100.0,22.8,S
2021-06-11T13:28:09,100.0,22.8,S
2021-06-11T13:28:08,1000.0,22.85,B
2021-06-11T13:28:08,100.0,22.8,S
2021-06-11T13:28:07,100.0,22.8,S
2021-06-11T13:28:07,100.0,22.8,S
2021-06-11T13:28:05,100.0,22.8,S
2021-06-11T13:28:04,100.0,22.8,S
2021-06-11T13:28:02,100.0,22.8,S
2021-06-11T13:28:02,100.0,22.8,S
2021-06-11T13:28:00,100.0,22.8,S
2021-06-11T13:27:59,100.0,22.8,S
2021-06-11T13:27:57,100.0,22.8,S
2021-06-11T13:27:55,100.0,22.8,S
2021-06-11T13:27:47,100.0,22.8,S
2021-06-11T13:27:45,100.0,22.8,S
2021-06-11T13:27:44,100.0,22.8,S
2021-06-11T13:27:41,100.0,22.8,S
2021-06-11T13:27:40,100.0,22.8,S
2021-06-11T13:27:38,100.0,22.8,S
2021-06-11T13:27:36,100.0,22.8,S
2021-06-11T13:27:34,100.0,22.8,S
2021-06-11T13:27:33,100.0,22.8,S
2021-06-11T13:27:31,100.0,22.8,S
2021-06-11T13:27:29,100.0,22.8,S
2021-06-11T13:27:27,400.0,22.85,B
2021-06-11T13:27:27,1100.0,22.8,S
2021-06-11T13:27:25,100.0,22.8,S
2021-06-11T13:27:24,100.0,22.8,S
2021-06-11T13:27:22,100.0,22.8,S
2021-06-11T13:27:21,100.0,22.8,S
2021-06-11T13:27:19,1000.0,22.85,B
2021-06-11T13:27:19,100.0,22.8,S
2021-06-11T13:27:19,100.0,22.8,S
2021-06-11T13:27:17,100.0,22.8,S
2021-06-11T13:27:16,100.0,22.8,S
2021-06-11T13:27:13,100.0,22.8,S
2021-06-11T13:27:12,3300.0,22.8,S
2021-06-11T13:27:12,1000.0,22.8,S
2021-06-11T13:27:11,100.0,22.8,S
2021-06-11T13:27:10,100.0,22.8,S
2021-06-11T13:27:07,100.0,22.8,S
2021-06-11T13:27:06,100.0,22.8,S
2021-06-11T13:27:05,100.0,22.8,S
2021-06-11T13:27:05,100.0,22.8,S
2021-06-11T13:27:04,100.0,22.8,S
2021-06-11T13:27:03,300.0,22.8,S
2021-06-11T13:27:03,200.0,22.8,S
2021-06-11T13:27:02,100.0,22.8,S
2021-06-11T13:27:02,200.0,22.8,S
2021-06-11T13:27:01,100.0,22.8,S
2021-06-11T13:27:01,100.0,22.8,S
2021-06-11T13:27:01,100.0,22.8,S
2021-06-11T13:27:01,200.0,22.8,S
2021-06-11T13:27:01,100.0,22.8,S
2021-06-11T13:26:59,100.0,22.8,S
2021-06-11T13:26:58,100.0,22.8,S
2021-06-11T13:26:58,200.0,22.8,S
2021-06-11T13:26:58,100.0,22.8,S
2021-06-11T13:26:58,500.0,22.85,B
2021-06-11T13:26:50,600.0,22.85,B
2021-06-11T13:26:45,25000.0,23.0,B
2021-06-11T13:26:39,100.0,22.8,S
2021-06-11T13:26:39,400.0,22.85,B
2021-06-11T13:26:36,4000.0,22.85,B
2021-06-11T13:26:32,500.0,22.85,B
2021-06-11T13:26:25,100.0,22.8,S
2021-06-11T13:26:25,100.0,22.8,S
2021-06-11T13:26:21,100.0,22.8,S
2021-06-11T13:26:20,100.0,22.8,S
2021-06-11T13:26:19,100.0,22.8,S
2021-06-11T13:26:15,100.0,22.8,S
2021-06-11T13:26:14,100.0,22.8,S
2021-06-11T13:26:14,2000.0,22.85,S
2021-06-11T13:26:13,100.0,22.8,S
2021-06-11T13:26:11,100.0,22.8,S
2021-06-11T13:26:08,100.0,22.8,S
2021-06-11T13:26:08,100.0,22.8,S
2021-06-11T13:26:07,100.0,22.8,S
2021-06-11T13:26:05,100.0,22.8,S
2021-06-11T13:26:03,100.0,22.8,S
2021-06-11T13:26:01,100.0,22.8,S
2021-06-11T13:26:00,100.0,22.8,S
2021-06-11T13:25:58,100.0,22.8,S
2021-06-11T13:25:54,100.0,22.8,S
2021-06-11T13:25:52,100.0,22.8,S
2021-06-11T13:25:49,100.0,22.8,S
2021-06-11T13:25:47,100.0,22.8,S
2021-06-11T13:25:46,100.0,22.8,S
2021-06-11T13:25:43,100.0,22.8,S
2021-06-11T13:25:41,100.0,22.8,S
2021-06-11T13:25:41,3000.0,22.85,S
2021-06-11T13:25:38,100.0,22.8,S
2021-06-11T13:25:37,100.0,22.8,S
2021-06-11T13:25:36,100.0,22.8,S
2021-06-11T13:25:35,100.0,22.8,S
2021-06-11T13:25:33,100.0,22.8,S
2021-06-11T13:25:30,100.0,22.8,S
2021-06-11T13:25:28,100.0,22.8,S
2021-06-11T13:25:24,100.0,22.8,S
2021-06-11T13:25:23,100.0,22.8,S
2021-06-11T13:25:20,100.0,22.8,S
2021-06-11T13:25:18,100.0,22.8,S
2021-06-11T13:25:16,100.0,22.8,S
2021-06-11T13:25:13,100.0,22.8,S
2021-06-11T13:25:12,100.0,22.8,S
2021-06-11T13:25:11,100.0,22.8,S
2021-06-11T13:25:09,100.0,22.8,S
2021-06-11T13:25:06,100.0,22.8,S
2021-06-11T13:25:04,100.0,22.8,S
2021-06-11T13:25:02,100.0,22.8,S
2021-06-11T13:25:02,100.0,22.8,S
2021-06-11T13:25:00,100.0,22.8,S
2021-06-11T13:24:59,100.0,22.8,S
2021-06-11T13:24:57,100.0,22.8,S
2021-06-11T13:24:56,100.0,22.8,S
2021-06-11T13:24:53,100.0,22.8,S
2021-06-11T13:24:51,100.0,22.8,S
2021-06-11T13:24:49,100.0,22.8,S
2021-06-11T13:24:48,100.0,22.8,S
2021-06-11T13:24:47,100.0,22.8,S
2021-06-11T13:24:46,100.0,22.8,S
2021-06-11T13:24:45,100.0,22.8,S
2021-06-11T13:24:43,100.0,22.9,B
2021-06-11T13:24:41,100.0,22.8,S
2021-06-11T13:24:40,100.0,22.8,S
2021-06-11T13:24:39,100.0,22.8,S
2021-06-11T13:24:38,100.0,22.8,S
2021-06-11T13:24:37,100.0,22.8,S
2021-06-11T13:24:34,100.0,22.8,S
2021-06-11T13:24:33,100.0,22.8,S
2021-06-11T13:24:31,100.0,22.8,S
2021-06-11T13:24:30,20000.0,22.8,S
2021-06-11T13:24:30,100.0,22.8,S
2021-06-11T13:24:29,100.0,22.8,S
2021-06-11T13:24:27,100.0,22.8,S
2021-06-11T13:24:25,100.0,22.8,S
2021-06-11T13:24:24,21300.0,22.8,S
2021-06-11T13:24:24,28700.0,22.8,S
2021-06-11T13:24:24,100.0,22.9,B
2021-06-11T13:24:22,100.0,22.9,B
2021-06-11T13:24:21,100.0,22.9,B
2021-06-11T13:24:19,100.0,22.9,B
2021-06-11T13:24:19,200.0,22.9,B
2021-06-11T13:24:18,100.0,22.8,S
2021-06-11T13:24:17,48500.0,23.0,B
2021-06-11T13:24:17,12800.0,22.95,B
2021-06-11T13:24:17,500.0,22.95,B
2021-06-11T13:24:17,5000.0,22.95,B
2021-06-11T13:24:17,1700.0,22.95,B
2021-06-11T13:24:17,28300.0,22.9,B
2021-06-11T13:24:17,3200.0,22.85,S
2021-06-11T13:24:16,100.0,22.8,S
2021-06-11T13:24:14,100.0,22.8,S
2021-06-11T13:24:12,100.0,22.8,S
2021-06-11T13:24:11,100.0,22.8,S
2021-06-11T13:24:09,100.0,22.8,S
2021-06-11T13:24:07,100.0,22.8,S
2021-06-11T13:24:04,100.0,22.8,S
2021-06-11T13:24:03,100.0,22.8,S
2021-06-11T13:24:01,100.0,22.8,S
2021-06-11T13:24:00,100.0,22.8,S
2021-06-11T13:23:58,100.0,22.8,S
2021-06-11T13:23:56,100.0,22.8,S
2021-06-11T13:23:56,100.0,22.8,S
2021-06-11T13:23:53,100.0,22.8,S
2021-06-11T13:23:52,100.0,22.8,S
2021-06-11T13:23:51,100.0,22.8,S
2021-06-11T13:23:49,100.0,22.8,S
2021-06-11T13:23:48,100.0,22.8,S
2021-06-11T13:23:46,100.0,22.8,S
2021-06-11T13:23:43,100.0,22.8,S
2021-06-11T13:23:43,100.0,22.8,S
2021-06-11T13:23:41,100.0,22.8,S
2021-06-11T13:23:40,100.0,22.8,S
2021-06-11T13:23:38,100.0,22.8,S
2021-06-11T13:23:37,100.0,22.8,S
2021-06-11T13:23:35,100.0,22.8,S
2021-06-11T13:23:33,100.0,22.8,S
2021-06-11T13:23:31,100.0,22.8,S
2021-06-11T13:23:30,100.0,22.8,S
2021-06-11T13:23:28,100.0,22.8,S
2021-06-11T13:23:27,100.0,22.8,S
2021-06-11T13:23:25,100.0,22.8,S
2021-06-11T13:23:24,100.0,22.8,S
2021-06-11T13:23:23,100.0,22.8,S
2021-06-11T13:23:21,100.0,22.8,S
2021-06-11T13:23:19,100.0,22.8,S
2021-06-11T13:23:17,100.0,22.8,S
2021-06-11T13:23:16,20000.0,22.8,S
2021-06-11T13:23:15,100.0,22.8,S
2021-06-11T13:23:12,100.0,22.8,S
2021-06-11T13:23:09,100.0,22.8,S
2021-06-11T13:23:08,100.0,22.8,S
2021-06-11T13:23:06,100.0,22.8,S
2021-06-11T13:23:05,100.0,22.8,S
2021-06-11T13:23:03,100.0,22.8,S
2021-06-11T13:23:03,500.0,22.85,S
2021-06-11T13:23:03,500.0,22.85,S
2021-06-11T13:23:02,5800.0,22.85,S
2021-06-11T13:23:01,100.0,22.85,S
2021-06-11T13:22:58,100.0,22.85,S
2021-06-11T13:22:54,100.0,22.85,S
2021-06-11T13:22:52,100.0,22.85,S
2021-06-11T13:22:52,100.0,22.85,S
2021-06-11T13:22:50,100.0,22.85,S
2021-06-11T13:22:50,100.0,22.85,S
2021-06-11T13:22:47,100.0,22.85,S
2021-06-11T13:22:46,100.0,22.85,S
2021-06-11T13:22:42,100.0,22.85,S
2021-06-11T13:22:41,100.0,22.85,S
2021-06-11T13:22:40,100.0,22.85,S
2021-06-11T13:22:38,100.0,22.85,S
2021-06-11T13:22:36,100.0,22.85,S
2021-06-11T13:22:35,300.0,22.85,S
2021-06-11T13:22:34,100.0,22.85,S
2021-06-11T13:22:31,100.0,22.85,S
2021-06-11T13:22:30,100.0,22.85,S
2021-06-11T13:22:29,100.0,22.85,S
2021-06-11T13:22:27,100.0,22.85,S
2021-06-11T13:22:26,100.0,22.85,S
2021-06-11T13:22:22,100.0,22.85,S
2021-06-11T13:22:21,4000.0,22.85,S
2021-06-11T13:22:21,100.0,22.85,S
2021-06-11T13:22:18,100.0,22.85,S
2021-06-11T13:22:16,100.0,22.85,S
2021-06-11T13:22:15,100.0,22.85,S
2021-06-11T13:22:13,100.0,22.85,S
2021-06-11T13:22:11,100.0,22.85,S
2021-06-11T13:22:10,100.0,22.85,S
2021-06-11T13:22:08,100.0,22.85,S
2021-06-11T13:22:06,100.0,22.85,S
2021-06-11T13:22:05,100.0,22.85,S
2021-06-11T13:22:03,100.0,22.85,S
2021-06-11T13:22:01,100.0,22.85,S
2021-06-11T13:21:59,100.0,22.85,S
2021-06-11T13:21:57,100.0,22.85,S
2021-06-11T13:21:55,100.0,22.85,S
2021-06-11T13:21:53,100.0,22.85,S
2021-06-11T13:21:51,100.0,22.85,S
2021-06-11T13:21:50,100.0,22.85,S
2021-06-11T13:21:46,100.0,22.85,S
2021-06-11T13:21:44,100.0,22.85,S
2021-06-11T13:21:36,100.0,22.85,S
2021-06-11T13:21:35,100.0,22.85,S
2021-06-11T13:21:33,100.0,22.85,S
2021-06-11T13:21:32,100.0,22.85,S
2021-06-11T13:21:30,100.0,22.85,S
2021-06-11T13:21:25,100.0,22.85,S
2021-06-11T13:21:23,100.0,22.85,S
2021-06-11T13:21:21,100.0,22.85,S
2021-06-11T13:21:21,100.0,22.85,S
2021-06-11T13:21:18,100.0,22.85,S
2021-06-11T13:21:16,100.0,22.85,S
2021-06-11T13:21:14,100.0,22.85,S
2021-06-11T13:21:12,100.0,22.85,S
2021-06-11T13:21:11,100.0,22.85,S
2021-06-11T13:21:10,100.0,22.85,S
2021-06-11T13:21:08,100.0,22.85,S
2021-06-11T13:21:05,100.0,22.85,S
2021-06-11T13:21:04,100.0,22.85,S
2021-06-11T13:21:01,100.0,22.85,S
2021-06-11T13:21:01,100.0,22.85,S
2021-06-11T13:20:59,100.0,22.85,S
2021-06-11T13:20:56,100.0,22.85,S
2021-06-11T13:20:54,100.0,22.85,S
2021-06-11T13:20:52,100.0,22.85,S
2021-06-11T13:20:50,100.0,22.85,S
2021-06-11T13:20:50,100.0,22.85,S
2021-06-11T13:20:47,100.0,22.85,S
2021-06-11T13:20:46,100.0,22.85,S
2021-06-11T13:20:43,100.0,22.85,S
2021-06-11T13:20:42,100.0,22.85,S
2021-06-11T13:20:40,100.0,22.85,S
2021-06-11T13:20:38,100.0,22.85,S
2021-06-11T13:20:38,1700.0,22.9,S
2021-06-11T13:20:37,300.0,22.9,S
2021-06-11T13:20:37,100.0,22.85,S
2021-06-11T13:20:36,100.0,22.85,S
2021-06-11T13:20:34,100.0,22.85,S
2021-06-11T13:20:33,100.0,22.9,S
2021-06-11T13:20:32,100.0,22.9,S
2021-06-11T13:20:31,100.0,22.9,S
2021-06-11T13:20:30,100.0,22.9,S
2021-06-11T13:20:28,100.0,22.9,S
2021-06-11T13:20:27,100.0,22.85,S
2021-06-11T13:20:24,100.0,22.85,S
2021-06-11T13:20:23,100.0,22.85,S
2021-06-11T13:20:22,100.0,22.85,S
2021-06-11T13:20:21,100.0,22.9,S
2021-06-11T13:20:19,100.0,22.9,S
2021-06-11T13:20:18,100.0,22.9,S
2021-06-11T13:20:17,1000.0,22.9,S
2021-06-11T13:20:17,100.0,22.9,S
2021-06-11T13:20:16,100.0,22.9,S
2021-06-11T13:20:11,100.0,22.9,S
2021-06-11T13:20:11,300.0,22.9,S
2021-06-11T13:20:06,100.0,22.9,S
2021-06-11T13:20:05,100.0,22.9,S
2021-06-11T13:20:03,100.0,22.9,S
2021-06-11T13:20:02,100.0,22.9,S
2021-06-11T13:19:59,100.0,22.9,S
2021-06-11T13:19:58,100.0,22.9,S
2021-06-11T13:19:57,100.0,22.9,S
2021-06-11T13:19:54,100.0,22.9,S
2021-06-11T13:19:53,100.0,22.9,S
2021-06-11T13:19:53,2000.0,22.9,S
2021-06-11T13:19:51,100.0,22.9,S
2021-06-11T13:19:48,100.0,22.9,S
2021-06-11T13:19:47,100.0,22.9,S
2021-06-11T13:19:46,100.0,22.9,S
2021-06-11T13:19:44,100.0,22.9,S
2021-06-11T13:19:43,100.0,22.9,S
2021-06-11T13:19:41,100.0,22.9,S
2021-06-11T13:19:40,100.0,22.9,S
2021-06-11T13:19:37,100.0,22.9,S
2021-06-11T13:19:35,100.0,22.9,S
2021-06-11T13:19:35,100.0,22.9,S
2021-06-11T13:19:32,100.0,22.9,S
2021-06-11T13:19:32,100.0,22.9,S
2021-06-11T13:19:30,100.0,22.9,S
2021-06-11T13:19:28,100.0,22.9,S
2021-06-11T13:19:25,100.0,22.9,S
2021-06-11T13:19:24,100.0,22.9,S
2021-06-11T13:19:24,1000.0,22.9,S
2021-06-11T13:19:23,100.0,22.9,S
2021-06-11T13:19:20,100.0,22.9,S
2021-06-11T13:19:19,100.0,22.9,S
2021-06-11T13:19:17,100.0,22.9,S
2021-06-11T13:19:16,6600.0,22.9,S
2021-06-11T13:19:16,23400.0,22.9,S
2021-06-11T13:19:15,100.0,22.9,S
2021-06-11T13:19:15,100.0,22.9,S
2021-06-11T13:19:13,100.0,22.9,S
2021-06-11T13:19:12,100.0,22.9,S
2021-06-11T13:19:11,100.0,22.9,S
2021-06-11T13:19:09,100.0,22.9,S
2021-06-11T13:19:08,10000.0,22.9,S
2021-06-11T13:19:08,100.0,22.9,S
2021-06-11T13:19:06,100.0,22.9,S
2021-06-11T13:19:04,100.0,22.9,S
2021-06-11T13:19:03,100.0,22.9,S
2021-06-11T13:19:00,100.0,22.9,S
2021-06-11T13:19:00,100.0,22.9,S
2021-06-11T13:18:58,100.0,22.9,S
2021-06-11T13:18:57,100.0,22.9,S
2021-06-11T13:18:54,100.0,22.9,S
2021-06-11T13:18:52,100.0,22.9,S
2021-06-11T13:18:50,100.0,22.9,S
2021-06-11T13:18:49,100.0,22.9,S
2021-06-11T13:18:47,1000.0,22.9,S
2021-06-11T13:18:46,100.0,22.9,S
2021-06-11T13:18:45,100.0,22.9,S
2021-06-11T13:18:43,100.0,22.9,S
2021-06-11T13:18:40,100.0,22.9,S
2021-06-11T13:18:37,100.0,22.9,S
2021-06-11T13:18:36,100.0,22.9,S
2021-06-11T13:18:34,100.0,22.9,S
2021-06-11T13:18:30,100.0,22.9,S
2021-06-11T13:18:28,100.0,22.9,S
2021-06-11T13:18:27,100.0,22.9,S
2021-06-11T13:18:25,100.0,22.9,S
2021-06-11T13:18:23,100.0,22.9,S
2021-06-11T13:18:21,100.0,22.9,S
2021-06-11T13:18:18,100.0,22.9,S
2021-06-11T13:18:16,100.0,22.9,S
2021-06-11T13:18:10,100.0,22.9,S
2021-06-11T13:18:08,100.0,22.9,S
2021-06-11T13:18:06,100.0,22.9,S
2021-06-11T13:18:03,100.0,22.9,S
2021-06-11T13:18:01,100.0,22.9,S
2021-06-11T13:17:59,100.0,22.9,S
2021-06-11T13:17:58,100.0,22.9,S
2021-06-11T13:17:57,100.0,22.9,S
2021-06-11T13:17:55,100.0,22.9,S
2021-06-11T13:17:52,100.0,22.9,S
2021-06-11T13:17:50,100.0,22.9,S
2021-06-11T13:17:48,100.0,22.9,S
2021-06-11T13:17:47,100.0,22.9,S
2021-06-11T13:17:45,100.0,22.9,S
2021-06-11T13:17:43,100.0,22.9,S
2021-06-11T13:17:42,100.0,22.9,S
2021-06-11T13:17:39,100.0,22.9,S
2021-06-11T13:17:37,100.0,22.9,S
2021-06-11T13:17:36,100.0,22.9,S
2021-06-11T13:17:34,100.0,22.9,S
2021-06-11T13:17:32,100.0,22.9,S
2021-06-11T13:17:30,100.0,22.9,S
2021-06-11T13:17:28,100.0,22.9,S
2021-06-11T13:17:27,100.0,22.9,S
2021-06-11T13:17:24,100.0,22.9,S
2021-06-11T13:17:23,100.0,22.9,S
2021-06-11T13:17:22,100.0,22.9,S
2021-06-11T13:17:20,100.0,22.9,S
2021-06-11T13:17:19,100.0,22.9,S
2021-06-11T13:17:18,100.0,22.9,S
2021-06-11T13:17:17,100.0,22.9,S
2021-06-11T13:17:16,100.0,22.9,S
2021-06-11T13:17:15,100.0,22.9,S
2021-06-11T13:17:12,100.0,22.9,S
2021-06-11T13:17:12,500.0,22.9,S
2021-06-11T13:17:12,100.0,22.9,S
2021-06-11T13:17:11,100.0,22.9,S
2021-06-11T13:17:09,100.0,22.9,S
2021-06-11T13:17:08,100.0,22.9,S
2021-06-11T13:17:08,10000.0,22.9,S
2021-06-11T13:17:07,100.0,22.9,S
2021-06-11T13:17:05,100.0,22.9,S
2021-06-11T13:17:04,100.0,22.9,S
2021-06-11T13:17:01,100.0,22.9,S
2021-06-11T13:17:01,100.0,22.9,S
2021-06-11T13:16:59,100.0,22.9,S
2021-06-11T13:16:57,100.0,22.9,S
2021-06-11T13:16:56,100.0,22.9,S
2021-06-11T13:16:55,100.0,22.9,S
2021-06-11T13:16:53,100.0,22.9,S
2021-06-11T13:16:52,100.0,22.9,S
2021-06-11T13:16:51,100.0,22.9,S
2021-06-11T13:16:49,100.0,22.9,S
2021-06-11T13:16:47,3100.0,22.9,S
2021-06-11T13:16:45,100.0,22.9,S
2021-06-11T13:16:43,100.0,22.9,S
2021-06-11T13:16:41,100.0,22.9,S
2021-06-11T13:16:39,100.0,22.9,S
2021-06-11T13:16:38,100.0,22.9,S
2021-06-11T13:16:35,100.0,22.9,S
2021-06-11T13:16:34,100.0,22.9,S
2021-06-11T13:16:32,100.0,22.9,S
2021-06-11T13:16:31,2600.0,22.9,S
2021-06-11T13:16:29,10100.0,22.9,S
2021-06-11T13:16:27,100.0,22.9,S
2021-06-11T13:16:26,100.0,22.9,S
2021-06-11T13:16:26,100.0,22.9,S
2021-06-11T13:16:25,200.0,22.9,S
2021-06-11T13:16:25,100.0,22.9,S
2021-06-11T13:16:18,100.0,22.9,S
2021-06-11T13:16:17,100.0,22.9,S
2021-06-11T13:16:15,100.0,22.9,S
2021-06-11T13:16:14,100.0,22.9,S
2021-06-11T13:16:12,100.0,22.9,S
2021-06-11T13:16:10,100.0,22.9,S
2021-06-11T13:16:10,100.0,22.9,S
2021-06-11T13:16:10,10000.0,22.9,S
2021-06-11T13:16:08,100.0,22.9,S
2021-06-11T13:16:07,100.0,22.9,S
2021-06-11T13:16:06,100.0,22.9,S
2021-06-11T13:16:04,100.0,22.9,S
2021-06-11T13:16:02,100.0,22.9,S
2021-06-11T13:16:01,100.0,22.9,S
2021-06-11T13:16:00,100.0,22.9,S
2021-06-11T13:15:58,100.0,22.9,S
2021-06-11T13:15:58,10000.0,22.9,S
2021-06-11T13:15:57,100.0,22.9,S
2021-06-11T13:15:56,100.0,22.9,S
2021-06-11T13:15:54,100.0,22.9,S
2021-06-11T13:15:53,500.0,22.95,B
2021-06-11T13:15:53,100.0,22.9,S
2021-06-11T13:15:51,100.0,22.9,S
2021-06-11T13:15:49,100.0,22.9,S
2021-06-11T13:15:47,100.0,22.9,S
2021-06-11T13:15:44,100.0,22.9,S
2021-06-11T13:15:44,100.0,22.9,S
2021-06-11T13:15:43,100.0,22.9,S
2021-06-11T13:15:41,100.0,22.9,S
2021-06-11T13:15:39,100.0,22.9,S
2021-06-11T13:15:38,100.0,22.9,S
2021-06-11T13:15:37,100.0,22.9,S
2021-06-11T13:15:35,5100.0,22.9,S
2021-06-11T13:15:33,100.0,22.9,S
2021-06-11T13:15:32,100.0,22.9,S
2021-06-11T13:15:31,100.0,22.9,S
2021-06-11T13:15:29,100.0,22.9,S
2021-06-11T13:15:28,100.0,22.9,S
2021-06-11T13:15:27,100.0,22.9,S
2021-06-11T13:15:26,73200.0,22.9,S
2021-06-11T13:15:26,2000.0,22.9,S
2021-06-11T13:15:26,4400.0,22.9,S
2021-06-11T13:15:26,400.0,22.9,S
2021-06-11T13:15:25,100.0,22.9,S
2021-06-11T13:15:24,200.0,22.9,S
2021-06-11T13:15:22,100.0,22.9,S
2021-06-11T13:15:21,500.0,23.0,B
2021-06-11T13:15:21,500.0,22.95,B
2021-06-11T13:15:21,200.0,22.95,B
2021-06-11T13:15:20,100.0,22.9,S
2021-06-11T13:15:17,100.0,22.9,S
2021-06-11T13:15:14,100.0,22.9,S
2021-06-11T13:15:13,100.0,22.9,S
2021-06-11T13:15:11,100.0,22.9,S
2021-06-11T13:15:11,100.0,22.9,S
2021-06-11T13:15:09,100.0,22.9,S
2021-06-11T13:15:08,100.0,22.9,S
2021-06-11T13:15:06,100.0,22.9,S
2021-06-11T13:15:05,100.0,22.9,S
2021-06-11T13:15:04,100.0,22.9,S
2021-06-11T13:15:03,100.0,22.9,S
2021-06-11T13:15:02,100.0,22.9,S
2021-06-11T13:14:57,100.0,22.9,S
2021-06-11T13:14:52,100.0,22.9,S
2021-06-11T13:14:49,100.0,22.9,S
2021-06-11T13:14:48,100.0,22.9,S
2021-06-11T13:14:46,100.0,22.9,S
2021-06-11T13:14:44,100.0,22.9,S
2021-06-11T13:14:40,100.0,22.9,S
2021-06-11T13:14:38,100.0,22.9,S
2021-06-11T13:14:35,100.0,22.9,S
2021-06-11T13:14:32,100.0,22.9,S
2021-06-11T13:14:30,100.0,22.9,S
2021-06-11T13:14:25,100.0,22.9,S
2021-06-11T13:14:23,100.0,22.9,S
2021-06-11T13:14:22,4800.0,22.95,B
2021-06-11T13:14:21,100.0,22.95,B
2021-06-11T13:14:21,100.0,22.95,B
2021-06-11T13:14:20,3000.0,22.95,B
2021-06-11T13:14:19,100.0,22.9,S
2021-06-11T13:14:17,100.0,22.9,S
2021-06-11T13:14:16,2000.0,22.95,S
2021-06-11T13:14:16,100.0,22.9,S
2021-06-11T13:14:14,100.0,22.9,S
2021-06-11T13:14:12,100.0,22.9,S
2021-06-11T13:14:11,100.0,22.95,S
2021-06-11T13:14:10,100.0,22.95,S
2021-06-11T13:14:09,100.0,22.95,S
2021-06-11T13:14:07,100.0,22.95,S
2021-06-11T13:14:05,100.0,22.95,S
2021-06-11T13:14:04,100.0,22.95,S
2021-06-11T13:14:03,100.0,22.95,S
2021-06-11T13:14:02,100.0,22.95,S
2021-06-11T13:14:01,9200.0,22.95,S
2021-06-11T13:13:59,100.0,22.9,S
2021-06-11T13:13:58,100.0,22.9,S
2021-06-11T13:13:55,100.0,22.9,S
2021-06-11T13:13:54,100.0,22.9,S
2021-06-11T13:13:53,800.0,22.95,S
2021-06-11T13:13:52,2200.0,22.95,S
2021-06-11T13:13:51,100.0,22.9,S
2021-06-11T13:13:48,100.0,22.9,S
2021-06-11T13:13:45,100.0,22.9,S
2021-06-11T13:13:44,100.0,22.9,S
2021-06-11T13:13:43,100.0,22.9,S
2021-06-11T13:13:42,900.0,22.9,S
2021-06-11T13:13:40,1100.0,22.9,S
2021-06-11T13:13:38,100.0,22.95,S
2021-06-11T13:13:37,100.0,22.95,S
2021-06-11T13:13:35,100.0,22.95,S
2021-06-11T13:13:35,100.0,22.95,S
2021-06-11T13:13:34,100.0,22.9,S
2021-06-11T13:13:30,100.0,22.9,S
2021-06-11T13:13:28,100.0,22.95,S
2021-06-11T13:13:27,1000.0,22.95,S
2021-06-11T13:13:27,100.0,22.95,S
2021-06-11T13:13:26,100.0,22.95,S
2021-06-11T13:13:24,6100.0,23.0,S
2021-06-11T13:13:23,100.0,22.95,S
2021-06-11T13:13:21,100.0,22.95,S
2021-06-11T13:13:20,1000.0,23.0,S
2021-06-11T13:13:16,100.0,22.95,S
2021-06-11T13:13:11,100.0,22.95,S
2021-06-11T13:13:09,100.0,22.95,S
2021-06-11T13:13:06,100.0,22.95,S
2021-06-11T13:13:02,100.0,22.95,S
2021-06-11T13:13:00,100.0,22.95,S
2021-06-11T13:12:58,100.0,22.95,S
2021-06-11T13:12:56,100.0,22.95,S
2021-06-11T13:12:56,100.0,22.95,S
2021-06-11T13:12:54,100.0,22.95,S
2021-06-11T13:12:53,100.0,23.0,S
2021-06-11T13:12:53,100.0,22.95,S
2021-06-11T13:12:50,100.0,22.95,S
2021-06-11T13:12:50,100.0,22.95,S
2021-06-11T13:12:48,100.0,22.95,S
2021-06-11T13:12:47,100.0,22.95,S
2021-06-11T13:12:45,100.0,22.95,S
2021-06-11T13:12:43,100.0,22.95,S
2021-06-11T13:12:42,100.0,22.95,S
2021-06-11T13:12:40,100.0,22.95,S
2021-06-11T13:12:40,100.0,22.95,S
2021-06-11T13:12:38,100.0,22.95,S
2021-06-11T13:12:37,300.0,22.95,S
2021-06-11T13:12:37,100.0,22.95,S
2021-06-11T13:12:33,100.0,22.95,S
2021-06-11T13:12:32,100.0,22.95,S
2021-06-11T13:12:30,500.0,23.0,S
2021-06-11T13:12:28,100.0,22.95,S
2021-06-11T13:12:23,100.0,22.95,S
2021-06-11T13:12:21,100.0,22.95,S
2021-06-11T13:12:19,100.0,22.95,S
2021-06-11T13:12:17,100.0,22.95,S
2021-06-11T13:12:16,100.0,22.95,S
2021-06-11T13:12:14,100.0,22.95,S
2021-06-11T13:12:12,100.0,22.95,S
2021-06-11T13:12:10,2000.0,23.0,S
2021-06-11T13:12:10,100.0,22.95,S
2021-06-11T13:12:07,100.0,22.95,S
2021-06-11T13:12:07,100.0,22.95,S
2021-06-11T13:12:05,100.0,22.95,S
2021-06-11T13:12:02,100.0,22.95,S
2021-06-11T13:12:00,100.0,22.95,S
2021-06-11T13:11:59,100.0,22.95,S
2021-06-11T13:11:56,100.0,22.95,S
2021-06-11T13:11:55,100.0,22.95,S
2021-06-11T13:11:54,500.0,22.95,S
2021-06-11T13:11:53,100.0,22.95,S
2021-06-11T13:11:50,100.0,22.95,S
2021-06-11T13:11:48,100.0,22.95,S
2021-06-11T13:11:45,100.0,22.95,S
2021-06-11T13:11:42,100.0,22.95,S
2021-06-11T13:11:41,100.0,22.95,S
2021-06-11T13:11:39,100.0,22.95,S
2021-06-11T13:11:37,100.0,22.95,S
2021-06-11T13:11:35,100.0,22.95,S
2021-06-11T13:11:33,100.0,22.95,S
2021-06-11T13:11:32,100.0,22.95,S
2021-06-11T13:11:31,100.0,22.95,S
2021-06-11T13:11:28,2100.0,23.0,S
2021-06-11T13:11:27,100.0,22.95,S
2021-06-11T13:11:25,100.0,22.95,S
2021-06-11T13:11:23,100.0,22.95,S
2021-06-11T13:11:21,100.0,22.95,S
2021-06-11T13:11:20,100.0,22.95,S
2021-06-11T13:11:19,500.0,23.0,S
2021-06-11T13:11:17,100.0,22.95,S
2021-06-11T13:11:15,100.0,22.95,S
2021-06-11T13:11:12,100.0,22.95,S
2021-06-11T13:11:10,100.0,22.95,S
2021-06-11T13:11:09,100.0,22.95,S
2021-06-11T13:11:07,100.0,22.95,S
2021-06-11T13:11:06,100.0,22.95,S
2021-06-11T13:11:03,100.0,22.95,S
2021-06-11T13:11:01,100.0,22.95,S
2021-06-11T13:10:57,100.0,22.95,S
2021-06-11T13:10:56,100.0,22.95,S
2021-06-11T13:10:53,100.0,22.95,S
2021-06-11T13:10:51,100.0,22.95,S
2021-06-11T13:10:49,1000.0,23.0,S
2021-06-11T13:10:48,100.0,22.95,S
2021-06-11T13:10:45,100.0,22.95,S
2021-06-11T13:10:44,100.0,22.95,S
2021-06-11T13:10:40,100.0,22.95,S
2021-06-11T13:10:40,100.0,22.95,S
2021-06-11T13:10:38,1000.0,23.0,S
2021-06-11T13:10:37,100.0,22.95,S
2021-06-11T13:10:35,100.0,22.95,S
2021-06-11T13:10:35,100.0,23.0,S
2021-06-11T13:10:33,100.0,22.95,S
2021-06-11T13:10:32,5000.0,23.0,S
2021-06-11T13:10:32,7900.0,23.0,S
2021-06-11T13:10:32,1000.0,23.0,S
2021-06-11T13:10:32,10600.0,23.0,S
2021-06-11T13:10:32,100.0,23.0,S
2021-06-11T13:10:30,100.0,23.0,S
2021-06-11T13:10:27,100.0,23.0,S
2021-06-11T13:10:25,100.0,23.0,S
2021-06-11T13:10:25,3000.0,23.0,S
2021-06-11T13:10:24,300.0,23.05,B
2021-06-11T13:10:24,100.0,23.0,S
2021-06-11T13:10:23,100.0,23.0,S
2021-06-11T13:10:22,100.0,23.0,S
2021-06-11T13:10:19,100.0,23.0,S
2021-06-11T13:10:17,100.0,23.0,S
2021-06-11T13:10:15,100.0,23.0,S
2021-06-11T13:10:13,100.0,23.0,S
2021-06-11T13:10:12,100.0,23.0,S
2021-06-11T13:10:10,100.0,23.0,S
2021-06-11T13:10:08,100.0,23.0,S
2021-06-11T13:10:08,100.0,23.0,S
2021-06-11T13:10:04,100.0,23.0,S
2021-06-11T13:10:03,100.0,23.0,S
2021-06-11T13:10:03,100.0,23.0,S
2021-06-11T13:10:01,100.0,23.0,S
2021-06-11T13:09:58,100.0,23.0,S
2021-06-11T13:09:56,100.0,23.0,S
2021-06-11T13:09:54,100.0,23.0,S
2021-06-11T13:09:52,100.0,23.0,S
2021-06-11T13:09:51,100.0,23.0,S
2021-06-11T13:09:49,100.0,23.0,S
2021-06-11T13:09:47,100.0,23.0,S
2021-06-11T13:09:46,500.0,23.0,S
2021-06-11T13:09:46,800.0,23.0,S
2021-06-11T13:09:46,400.0,23.0,S
2021-06-11T13:09:46,2000.0,23.0,S
2021-06-11T13:09:46,400.0,23.0,S
2021-06-11T13:09:46,7000.0,23.0,S
2021-06-11T13:09:46,3900.0,23.0,S
2021-06-11T13:09:46,100.0,23.0,S
2021-06-11T13:09:43,100.0,23.0,S
2021-06-11T13:09:40,100.0,23.0,S
2021-06-11T13:09:40,100.0,23.0,S
2021-06-11T13:09:38,100.0,23.0,S
2021-06-11T13:09:37,100.0,23.0,S
2021-06-11T13:09:36,100.0,23.0,S
2021-06-11T13:09:36,100.0,23.0,S
2021-06-11T13:09:36,100.0,23.0,S
2021-06-11T13:09:35,100.0,23.0,S
2021-06-11T13:09:34,200.0,23.0,S
2021-06-11T13:09:34,100.0,23.0,S
2021-06-11T13:09:34,100.0,23.0,S
2021-06-11T13:09:34,100.0,23.0,S
2021-06-11T13:09:34,200.0,23.0,S
2021-06-11T13:09:33,100.0,23.0,S
2021-06-11T13:09:27,1000.0,23.0,S
2021-06-11T13:09:16,100.0,23.0,S
2021-06-11T13:09:11,100.0,23.0,S
2021-06-11T13:09:09,100.0,23.0,S
2021-06-11T13:09:06,100.0,23.0,S
2021-06-11T13:09:04,100.0,23.0,S
2021-06-11T13:09:03,100.0,23.0,S
2021-06-11T13:09:02,100.0,23.0,S
2021-06-11T13:09:02,100.0,23.0,S
2021-06-11T13:08:57,100.0,23.0,S
2021-06-11T13:08:55,100.0,23.0,S
2021-06-11T13:08:53,100.0,23.0,S
2021-06-11T13:08:52,100.0,23.0,S
2021-06-11T13:08:50,100.0,23.0,S
2021-06-11T13:08:48,100.0,23.0,S
2021-06-11T13:08:46,100.0,23.0,S
2021-06-11T13:08:45,100.0,23.0,S
2021-06-11T13:08:44,100.0,23.0,S
2021-06-11T13:08:44,100.0,23.0,S
2021-06-11T13:08:42,100.0,23.0,S
2021-06-11T13:08:41,100.0,23.0,S
2021-06-11T13:08:39,100.0,23.0,S
2021-06-11T13:08:38,100.0,23.0,S
2021-06-11T13:08:37,1000.0,23.0,S
2021-06-11T13:08:36,100.0,23.0,S
2021-06-11T13:08:35,100.0,23.0,S
2021-06-11T13:08:34,100.0,23.0,S
2021-06-11T13:08:33,100.0,23.0,S
2021-06-11T13:08:31,100.0,23.0,S
2021-06-11T13:08:30,100.0,23.0,S
2021-06-11T13:08:29,100.0,23.0,S
2021-06-11T13:08:27,100.0,23.0,S
2021-06-11T13:08:25,100.0,23.0,S
2021-06-11T13:08:25,100.0,23.0,S
2021-06-11T13:08:23,100.0,23.0,S
2021-06-11T13:08:22,100.0,23.0,S
2021-06-11T13:08:22,100.0,23.0,S
2021-06-11T13:08:20,500.0,23.0,S
2021-06-11T13:08:20,100.0,23.0,S
2021-06-11T13:08:18,100.0,23.0,S
2021-06-11T13:08:17,100.0,23.0,S
2021-06-11T13:08:16,100.0,23.0,S
2021-06-11T13:08:15,100.0,23.0,S
2021-06-11T13:08:14,200.0,23.05,S
2021-06-11T13:08:13,100.0,23.0,S
2021-06-11T13:08:12,100.0,23.0,S
2021-06-11T13:08:11,100.0,23.0,S
2021-06-11T13:08:09,100.0,23.0,S
2021-06-11T13:08:07,100.0,23.0,S
2021-06-11T13:08:07,100.0,23.0,S
2021-06-11T13:08:06,100.0,23.0,S
2021-06-11T13:08:05,100.0,23.0,S
2021-06-11T13:08:03,100.0,23.0,S
2021-06-11T13:08:02,100.0,23.0,S
2021-06-11T13:08:01,100.0,23.0,S
2021-06-11T13:07:59,100.0,23.0,S
2021-06-11T13:07:58,100.0,23.0,S
2021-06-11T13:07:57,100.0,23.0,S
2021-06-11T13:07:56,100.0,23.0,S
2021-06-11T13:07:55,100.0,23.0,S
2021-06-11T13:07:54,100.0,23.0,S
2021-06-11T13:07:53,100.0,23.0,S
2021-06-11T13:07:51,100.0,23.0,S
2021-06-11T13:07:48,100.0,23.0,S
2021-06-11T13:07:48,100.0,23.0,S
2021-06-11T13:07:46,100.0,23.0,S
2021-06-11T13:07:45,100.0,23.0,S
2021-06-11T13:07:44,100.0,23.0,S
2021-06-11T13:07:43,100.0,23.0,S
2021-06-11T13:07:41,100.0,23.0,S
2021-06-11T13:07:40,600.0,23.05,S
2021-06-11T13:07:40,900.0,23.05,S
2021-06-11T13:07:40,200.0,23.05,S
2021-06-11T13:07:40,100.0,23.05,S
2021-06-11T13:07:38,100.0,23.05,S
2021-06-11T13:07:38,100.0,23.05,S
2021-06-11T13:07:36,100.0,23.05,S
2021-06-11T13:07:32,100.0,23.05,S
2021-06-11T13:07:30,100.0,23.05,S
2021-06-11T13:07:28,100.0,23.05,S
2021-06-11T13:07:28,5000.0,23.1,B
2021-06-11T13:07:26,100.0,23.05,S
2021-06-11T13:07:25,100.0,23.05,S
2021-06-11T13:07:17,100.0,23.05,S
2021-06-11T13:07:10,100.0,23.05,S
2021-06-11T13:07:08,100.0,23.05,S
2021-06-11T13:07:08,200.0,23.05,S
2021-06-11T13:07:07,100.0,23.05,S
2021-06-11T13:07:07,100.0,23.05,S
2021-06-11T13:07:07,100.0,23.05,S
2021-06-11T13:07:06,200.0,23.05,S
2021-06-11T13:07:06,100.0,23.05,S
2021-06-11T13:07:04,200.0,23.05,S
2021-06-11T13:07:04,100.0,23.05,S
2021-06-11T13:07:03,100.0,23.05,S
2021-06-11T13:07:02,100.0,23.05,S
2021-06-11T13:07:01,200.0,23.05,S
2021-06-11T13:07:01,200.0,23.05,S
2021-06-11T13:07:01,100.0,23.05,S
2021-06-11T13:06:59,100.0,23.05,S
2021-06-11T13:06:59,100.0,23.05,S
2021-06-11T13:06:59,100.0,23.05,S
2021-06-11T13:06:57,100.0,23.05,S
2021-06-11T13:06:55,100.0,23.05,S
2021-06-11T13:06:55,100.0,23.05,S
2021-06-11T13:06:55,100.0,23.05,S
2021-06-11T13:06:55,100.0,23.05,S
2021-06-11T13:06:55,100.0,23.05,S
2021-06-11T13:06:55,100.0,23.05,S
2021-06-11T13:06:54,100.0,23.05,S
2021-06-11T13:06:54,200.0,23.05,S
2021-06-11T13:06:53,200.0,23.05,S
2021-06-11T13:06:52,100.0,23.05,S
2021-06-11T13:06:50,100.0,23.05,S
2021-06-11T13:06:50,300.0,23.05,S
