tradingTime,volume,price,side
2021-06-11T14:30:27,1000.0,29.15,S
2021-06-11T14:30:12,300.0,29.15,S
2021-06-11T14:30:12,5000.0,29.15,S
2021-06-11T14:30:07,1000.0,29.15,S
2021-06-11T14:29:50,200.0,29.15,S
2021-06-11T14:29:50,400.0,29.15,S
2021-06-11T14:29:49,1500.0,29.15,S
2021-06-11T14:29:42,200.0,29.15,S
2021-06-11T14:29:19,1000.0,29.15,S
2021-06-11T14:29:04,1200.0,29.15,S
2021-06-11T14:28:57,100.0,29.15,S
2021-06-11T14:28:27,1500.0,29.15,S
2021-06-11T14:28:24,1000.0,29.2,B
2021-06-11T14:28:17,10000.0,29.15,S
2021-06-11T14:28:07,3300.0,29.2,B
2021-06-11T14:28:07,6900.0,29.2,B
2021-06-11T14:27:59,1000.0,29.2,B
2021-06-11T14:27:46,300.0,29.15,S
2021-06-11T14:27:38,1000.0,29.2,B
2021-06-11T14:27:07,700.0,29.2,S
2021-06-11T14:26:59,400.0,29.2,S
2021-06-11T14:26:58,1600.0,29.2,S
2021-06-11T14:26:53,500.0,29.2,S
2021-06-11T14:26:50,1000.0,29.2,S
2021-06-11T14:26:39,2000.0,29.2,S
2021-06-11T14:26:37,1000.0,29.2,S
2021-06-11T14:26:35,8700.0,29.2,S
2021-06-11T14:26:29,3000.0,29.2,S
2021-06-11T14:26:03,5000.0,29.2,S
2021-06-11T14:26:03,2000.0,29.2,S
2021-06-11T14:25:52,100.0,29.2,S
2021-06-11T14:25:49,200.0,29.15,S
2021-06-11T14:25:45,2000.0,29.2,S
2021-06-11T14:25:39,200.0,29.2,S
2021-06-11T14:25:36,3000.0,29.2,S
2021-06-11T14:25:36,1500.0,29.2,S
2021-06-11T14:25:33,1700.0,29.2,S
2021-06-11T14:25:12,300.0,29.2,S
2021-06-11T14:25:11,1500.0,29.2,S
2021-06-11T14:25:10,5000.0,29.2,S
2021-06-11T14:25:03,100.0,29.15,S
2021-06-11T14:25:02,5000.0,29.2,S
2021-06-11T14:25:00,5000.0,29.15,S
2021-06-11T14:24:47,2500.0,29.2,S
2021-06-11T14:24:35,2000.0,29.2,S
2021-06-11T14:24:30,10000.0,29.2,S
2021-06-11T14:24:08,100.0,29.2,S
2021-06-11T14:24:08,1000.0,29.2,S
2021-06-11T14:22:48,500.0,29.2,S
2021-06-11T14:22:42,5000.0,29.15,S
2021-06-11T14:22:41,500.0,29.2,S
2021-06-11T14:22:38,200.0,29.2,S
2021-06-11T14:22:24,700.0,29.2,S
2021-06-11T14:22:17,3500.0,29.15,S
2021-06-11T14:22:15,100.0,29.2,S
2021-06-11T14:21:30,300.0,29.2,S
2021-06-11T14:21:25,1000.0,29.2,S
2021-06-11T14:20:43,3000.0,29.2,S
2021-06-11T14:20:39,300.0,29.2,S
2021-06-11T14:20:39,1000.0,29.2,S
2021-06-11T14:20:12,1300.0,29.2,S
2021-06-11T14:20:12,7900.0,29.2,S
2021-06-11T14:20:07,2000.0,29.25,B
2021-06-11T14:20:04,6000.0,29.25,B
2021-06-11T14:19:30,700.0,29.2,S
2021-06-11T14:19:17,500.0,29.2,S
2021-06-11T14:19:17,2900.0,29.2,S
2021-06-11T14:19:11,1200.0,29.2,S
2021-06-11T14:19:09,1400.0,29.2,S
2021-06-11T14:19:09,5300.0,29.2,S
2021-06-11T14:19:09,2000.0,29.2,S
2021-06-11T14:19:09,100.0,29.2,S
2021-06-11T14:19:09,200.0,29.2,S
2021-06-11T14:19:09,6900.0,29.2,S
2021-06-11T14:19:02,100.0,29.2,S
2021-06-11T14:18:36,5700.0,29.2,S
2021-06-11T14:18:16,3000.0,29.2,S
2021-06-11T14:18:12,3000.0,29.2,S
2021-06-11T14:17:56,200.0,29.2,S
2021-06-11T14:17:51,1000.0,29.25,B
2021-06-11T14:17:49,3900.0,29.25,B
2021-06-11T14:17:37,200.0,29.25,B
2021-06-11T14:17:35,500.0,29.2,S
2021-06-11T14:17:29,3000.0,29.2,S
2021-06-11T14:17:25,300.0,29.25,B
2021-06-11T14:17:23,900.0,29.2,S
2021-06-11T14:17:17,4500.0,29.2,S
2021-06-11T14:17:06,2700.0,29.25,B
2021-06-11T14:16:43,3000.0,29.25,B
2021-06-11T14:16:42,1500.0,29.25,B
2021-06-11T14:16:15,3000.0,29.25,B
2021-06-11T14:16:02,300.0,29.2,S
2021-06-11T14:15:12,100.0,29.25,B
2021-06-11T14:14:59,1400.0,29.25,B
2021-06-11T14:14:59,1000.0,29.25,B
2021-06-11T14:14:50,1000.0,29.2,S
2021-06-11T14:14:27,200.0,29.25,B
2021-06-11T14:14:27,100.0,29.25,B
2021-06-11T14:14:20,3000.0,29.25,B
2021-06-11T14:14:06,100.0,29.25,B
2021-06-11T14:14:01,3000.0,29.25,B
2021-06-11T14:13:49,900.0,29.25,B
2021-06-11T14:13:39,500.0,29.2,S
2021-06-11T14:13:27,100.0,29.2,S
2021-06-11T14:13:13,200.0,29.2,S
2021-06-11T14:13:10,100.0,29.25,S
2021-06-11T14:12:55,100.0,29.25,S
2021-06-11T14:12:48,1000.0,29.2,S
2021-06-11T14:12:29,1800.0,29.25,S
2021-06-11T14:12:28,4000.0,29.25,S
2021-06-11T14:12:24,1000.0,29.25,S
2021-06-11T14:12:06,300.0,29.25,S
2021-06-11T14:12:03,100.0,29.3,B
2021-06-11T14:11:14,1400.0,29.2,S
2021-06-11T14:11:14,300.0,29.25,S
2021-06-11T14:11:14,300.0,29.25,S
2021-06-11T14:11:10,3500.0,29.25,S
2021-06-11T14:11:10,400.0,29.3,B
2021-06-11T14:10:48,10000.0,29.3,B
2021-06-11T14:10:07,1000.0,29.3,B
2021-06-11T14:09:04,5000.0,29.3,B
2021-06-11T14:09:02,500.0,29.3,B
2021-06-11T14:08:03,10000.0,29.3,B
2021-06-11T14:07:59,300.0,29.25,S
2021-06-11T14:07:54,500.0,29.25,S
2021-06-11T14:07:21,10000.0,29.3,B
2021-06-11T14:07:12,2200.0,29.25,S
2021-06-11T14:06:56,100.0,29.25,S
2021-06-11T14:06:54,2000.0,29.3,B
2021-06-11T14:06:40,300.0,29.25,S
2021-06-11T14:06:21,2000.0,29.25,S
2021-06-11T14:05:58,2000.0,29.25,S
2021-06-11T14:05:57,1000.0,29.25,S
2021-06-11T14:05:55,1000.0,29.3,B
2021-06-11T14:05:47,100.0,29.25,S
2021-06-11T14:05:16,200.0,29.25,S
2021-06-11T14:05:14,1000.0,29.3,B
2021-06-11T14:05:12,3700.0,29.3,B
2021-06-11T14:05:05,500.0,29.25,S
2021-06-11T14:05:01,2000.0,29.3,B
2021-06-11T14:04:44,500.0,29.25,S
2021-06-11T14:04:34,2000.0,29.25,S
2021-06-11T14:04:28,100.0,29.25,S
2021-06-11T14:04:16,300.0,29.25,S
2021-06-11T14:04:15,200.0,29.3,B
2021-06-11T14:03:37,3900.0,29.25,B
2021-06-11T14:03:25,100.0,29.25,B
2021-06-11T14:03:02,100.0,29.25,B
2021-06-11T14:02:28,100.0,29.25,B
2021-06-11T14:02:17,100.0,29.25,B
2021-06-11T14:02:11,1500.0,29.25,B
2021-06-11T14:01:42,1900.0,29.25,B
2021-06-11T14:01:35,100.0,29.25,B
2021-06-11T14:01:27,600.0,29.25,B
2021-06-11T14:01:00,900.0,29.3,B
2021-06-11T14:01:00,1100.0,29.3,B
2021-06-11T14:00:45,2000.0,29.25,B
2021-06-11T14:00:42,2000.0,29.25,B
2021-06-11T14:00:39,3000.0,29.25,B
2021-06-11T14:00:37,1000.0,29.2,S
2021-06-11T13:59:51,5000.0,29.25,B
2021-06-11T13:59:23,500.0,29.2,S
2021-06-11T13:59:23,200.0,29.2,S
2021-06-11T13:59:21,500.0,29.25,B
2021-06-11T13:59:14,2300.0,29.25,B
2021-06-11T13:58:58,400.0,29.2,S
2021-06-11T13:58:52,5000.0,29.25,B
2021-06-11T13:58:48,3500.0,29.2,S
2021-06-11T13:58:16,400.0,29.2,S
2021-06-11T13:57:48,900.0,29.2,S
2021-06-11T13:57:42,2000.0,29.25,B
2021-06-11T13:57:28,100.0,29.2,S
2021-06-11T13:57:25,3200.0,29.2,S
2021-06-11T13:57:25,1000.0,29.2,S
2021-06-11T13:57:25,500.0,29.2,S
2021-06-11T13:57:25,600.0,29.2,S
2021-06-11T13:57:25,4700.0,29.2,S
2021-06-11T13:57:16,9600.0,29.2,S
2021-06-11T13:56:55,300.0,29.25,B
2021-06-11T13:56:55,1000.0,29.25,B
2021-06-11T13:56:54,5000.0,29.2,S
2021-06-11T13:56:45,3000.0,29.25,B
2021-06-11T13:56:33,100.0,29.25,B
2021-06-11T13:56:31,2000.0,29.25,B
2021-06-11T13:56:20,5000.0,29.25,B
2021-06-11T13:56:10,5000.0,29.25,B
2021-06-11T13:56:10,3100.0,29.25,B
2021-06-11T13:55:50,1000.0,29.2,S
2021-06-11T13:55:43,1300.0,29.2,S
2021-06-11T13:55:42,4100.0,29.2,S
2021-06-11T13:55:32,100.0,29.2,S
2021-06-11T13:55:25,300.0,29.2,S
2021-06-11T13:55:23,300.0,29.25,B
2021-06-11T13:55:13,500.0,29.2,S
2021-06-11T13:55:11,1600.0,29.25,B
2021-06-11T13:55:11,100.0,29.25,B
2021-06-11T13:55:11,200.0,29.25,B
2021-06-11T13:55:11,100.0,29.2,S
2021-06-11T13:54:28,1300.0,29.2,B
2021-06-11T13:54:28,700.0,29.2,B
2021-06-11T13:54:28,10000.0,29.2,B
2021-06-11T13:54:28,17800.0,29.2,B
2021-06-11T13:54:28,2600.0,29.2,B
2021-06-11T13:54:27,5000.0,29.2,B
2021-06-11T13:53:50,300.0,29.2,B
2021-06-11T13:53:41,3000.0,29.2,B
2021-06-11T13:53:06,300.0,29.2,B
2021-06-11T13:53:02,100.0,29.15,S
2021-06-11T13:53:01,1000.0,29.2,B
2021-06-11T13:52:53,4000.0,29.15,S
2021-06-11T13:52:41,500.0,29.2,B
2021-06-11T13:52:33,1000.0,29.2,B
2021-06-11T13:52:27,300.0,29.15,S
2021-06-11T13:52:27,100.0,29.15,S
2021-06-11T13:52:27,100.0,29.15,S
2021-06-11T13:51:53,2000.0,29.2,B
2021-06-11T13:51:52,300.0,29.2,B
2021-06-11T13:51:42,500.0,29.15,S
2021-06-11T13:51:38,500.0,29.2,B
2021-06-11T13:51:15,2000.0,29.2,B
2021-06-11T13:51:14,400.0,29.15,B
2021-06-11T13:51:00,9600.0,29.15,S
2021-06-11T13:51:00,10400.0,29.15,S
2021-06-11T13:50:56,500.0,29.15,S
2021-06-11T13:50:54,9100.0,29.15,S
2021-06-11T13:50:27,1000.0,29.15,S
2021-06-11T13:50:21,500.0,29.2,B
2021-06-11T13:49:52,500.0,29.15,S
2021-06-11T13:49:52,100.0,29.15,S
2021-06-11T13:49:52,100.0,29.15,S
2021-06-11T13:49:51,300.0,29.15,S
2021-06-11T13:49:20,5500.0,29.15,B
2021-06-11T13:49:20,2500.0,29.15,B
2021-06-11T13:49:20,500.0,29.15,B
2021-06-11T13:49:20,11400.0,29.15,B
2021-06-11T13:49:18,3000.0,29.15,B
2021-06-11T13:49:03,500.0,29.15,B
2021-06-11T13:49:03,1600.0,29.1,S
2021-06-11T13:48:48,5000.0,29.1,S
2021-06-11T13:48:47,1000.0,29.15,B
2021-06-11T13:48:47,3000.0,29.15,B
2021-06-11T13:48:45,2000.0,29.1,S
2021-06-11T13:48:41,1000.0,29.15,B
2021-06-11T13:48:38,3000.0,29.1,S
2021-06-11T13:48:28,2000.0,29.15,B
2021-06-11T13:48:19,200.0,29.15,B
2021-06-11T13:48:18,200.0,29.1,S
2021-06-11T13:47:59,7000.0,29.15,B
2021-06-11T13:47:50,1000.0,29.15,B
2021-06-11T13:47:49,2000.0,29.15,B
2021-06-11T13:47:43,500.0,29.15,B
2021-06-11T13:47:41,100.0,29.15,B
2021-06-11T13:47:31,6800.0,29.1,S
2021-06-11T13:47:21,1500.0,29.15,B
2021-06-11T13:47:14,1000.0,29.1,S
2021-06-11T13:47:10,1000.0,29.15,B
2021-06-11T13:47:09,500.0,29.15,B
2021-06-11T13:47:00,2000.0,29.15,B
2021-06-11T13:46:52,100.0,29.15,B
2021-06-11T13:46:45,5000.0,29.1,S
2021-06-11T13:46:33,10000.0,29.15,B
2021-06-11T13:46:07,2000.0,29.1,S
2021-06-11T13:45:54,1000.0,29.15,B
2021-06-11T13:44:57,2000.0,29.15,S
2021-06-11T13:44:47,5600.0,29.15,S
2021-06-11T13:44:19,3000.0,29.15,S
2021-06-11T13:44:11,1400.0,29.15,S
2021-06-11T13:44:10,3400.0,29.15,S
2021-06-11T13:44:10,200.0,29.15,S
2021-06-11T13:43:51,100.0,29.15,S
2021-06-11T13:43:45,500.0,29.2,B
2021-06-11T13:43:24,500.0,29.2,S
2021-06-11T13:43:11,300.0,29.2,S
2021-06-11T13:43:09,200.0,29.2,S
2021-06-11T13:42:42,2000.0,29.15,S
2021-06-11T13:42:13,6300.0,29.15,S
2021-06-11T13:42:13,5100.0,29.2,S
2021-06-11T13:42:13,1100.0,29.2,S
2021-06-11T13:42:12,7500.0,29.2,S
2021-06-11T13:42:04,1000.0,29.25,B
2021-06-11T13:41:58,2000.0,29.2,S
2021-06-11T13:41:52,1000.0,29.25,B
2021-06-11T13:41:07,100.0,29.25,S
2021-06-11T13:40:58,6000.0,29.2,S
2021-06-11T13:40:10,1400.0,29.25,S
2021-06-11T13:40:10,8900.0,29.25,S
2021-06-11T13:40:10,1300.0,29.25,S
2021-06-11T13:40:10,2000.0,29.25,S
2021-06-11T13:40:10,2000.0,29.25,S
2021-06-11T13:40:10,2000.0,29.25,S
2021-06-11T13:40:10,2400.0,29.25,S
2021-06-11T13:39:59,2500.0,29.3,S
2021-06-11T13:39:59,1500.0,29.3,S
2021-06-11T13:39:45,2100.0,29.3,S
2021-06-11T13:39:36,500.0,29.3,S
2021-06-11T13:39:31,1000.0,29.3,S
2021-06-11T13:39:27,3000.0,29.3,S
2021-06-11T13:39:15,5000.0,29.3,S
2021-06-11T13:39:12,1000.0,29.3,S
2021-06-11T13:39:05,2000.0,29.3,S
2021-06-11T13:38:58,3000.0,29.3,S
2021-06-11T13:38:55,100.0,29.3,S
2021-06-11T13:38:49,3400.0,29.3,S
2021-06-11T13:38:49,1600.0,29.3,S
2021-06-11T13:38:42,300.0,29.3,S
2021-06-11T13:38:42,200.0,29.3,S
2021-06-11T13:38:42,1200.0,29.3,S
2021-06-11T13:38:29,400.0,29.3,S
2021-06-11T13:38:26,1000.0,29.3,S
2021-06-11T13:38:25,1000.0,29.3,S
2021-06-11T13:38:22,10000.0,29.3,S
2021-06-11T13:38:17,1900.0,29.3,S
2021-06-11T13:37:29,500.0,29.3,S
2021-06-11T13:37:18,1100.0,29.3,S
2021-06-11T13:37:18,1000.0,29.3,S
2021-06-11T13:37:14,200.0,29.3,S
2021-06-11T13:37:14,100.0,29.3,S
2021-06-11T13:37:14,100.0,29.3,S
2021-06-11T13:37:14,1600.0,29.3,S
2021-06-11T13:37:06,1000.0,29.3,S
2021-06-11T13:37:02,500.0,29.3,S
2021-06-11T13:36:57,9300.0,29.3,S
2021-06-11T13:36:57,700.0,29.3,S
2021-06-11T13:36:46,1000.0,29.3,S
2021-06-11T13:36:41,500.0,29.3,S
2021-06-11T13:36:39,10000.0,29.3,S
2021-06-11T13:36:31,100.0,29.3,S
2021-06-11T13:36:13,1900.0,29.3,S
2021-06-11T13:36:05,100.0,29.3,S
2021-06-11T13:36:05,200.0,29.3,S
2021-06-11T13:36:04,1000.0,29.3,S
2021-06-11T13:35:58,100.0,29.3,S
2021-06-11T13:35:52,400.0,29.3,S
2021-06-11T13:35:52,1900.0,29.3,S
2021-06-11T13:35:50,2000.0,29.3,S
2021-06-11T13:35:46,1700.0,29.3,S
2021-06-11T13:35:38,1000.0,29.3,S
2021-06-11T13:35:36,100.0,29.3,S
2021-06-11T13:35:35,100.0,29.3,S
2021-06-11T13:35:34,200.0,29.3,S
2021-06-11T13:35:25,2000.0,29.3,S
2021-06-11T13:35:21,1000.0,29.3,S
2021-06-11T13:34:53,500.0,29.3,S
2021-06-11T13:34:29,7700.0,29.35,B
2021-06-11T13:34:21,200.0,29.35,B
2021-06-11T13:34:17,10000.0,29.35,B
2021-06-11T13:34:13,1000.0,29.35,B
2021-06-11T13:34:09,2000.0,29.35,B
2021-06-11T13:34:00,4000.0,29.35,B
2021-06-11T13:33:47,2000.0,29.35,B
2021-06-11T13:33:47,5000.0,29.35,B
2021-06-11T13:33:47,9100.0,29.35,B
2021-06-11T13:33:40,200.0,29.35,B
2021-06-11T13:33:39,100.0,29.3,S
2021-06-11T13:33:23,500.0,29.3,S
2021-06-11T13:33:15,400.0,29.35,B
2021-06-11T13:33:08,3500.0,29.35,B
2021-06-11T13:32:40,800.0,29.3,S
2021-06-11T13:32:37,100.0,29.35,S
2021-06-11T13:32:31,1500.0,29.3,S
2021-06-11T13:32:30,1000.0,29.3,S
2021-06-11T13:32:27,4000.0,29.35,S
2021-06-11T13:32:20,1000.0,29.35,S
2021-06-11T13:32:19,100.0,29.35,S
2021-06-11T13:32:18,200.0,29.35,S
2021-06-11T13:32:15,1100.0,29.35,S
2021-06-11T13:31:50,5000.0,29.35,S
2021-06-11T13:31:48,100.0,29.4,B
2021-06-11T13:31:40,100.0,29.4,B
2021-06-11T13:31:27,2000.0,29.35,S
2021-06-11T13:31:27,17000.0,29.35,S
2021-06-11T13:31:19,200.0,29.35,S
2021-06-11T13:31:05,200.0,29.3,S
2021-06-11T13:30:54,1000.0,29.3,S
2021-06-11T13:30:42,500.0,29.35,S
2021-06-11T13:30:42,3000.0,29.35,S
2021-06-11T13:30:37,2000.0,29.3,S
2021-06-11T13:30:33,100.0,29.3,S
2021-06-11T13:30:28,200.0,29.3,S
2021-06-11T13:30:26,200.0,29.35,S
2021-06-11T13:30:19,500.0,29.35,S
2021-06-11T13:29:54,10000.0,29.3,S
2021-06-11T13:29:49,200.0,29.35,S
2021-06-11T13:29:29,200.0,29.35,S
2021-06-11T13:29:13,1500.0,29.35,S
2021-06-11T13:29:13,200.0,29.35,S
2021-06-11T13:29:13,1800.0,29.35,S
2021-06-11T13:29:13,2000.0,29.35,S
2021-06-11T13:29:13,8000.0,29.35,S
2021-06-11T13:29:13,1200.0,29.35,S
2021-06-11T13:29:12,5100.0,29.35,S
2021-06-11T13:29:11,2000.0,29.35,S
2021-06-11T13:28:19,100.0,29.4,S
2021-06-11T13:28:17,100.0,29.4,S
2021-06-11T13:28:11,500.0,29.4,S
2021-06-11T13:28:09,100.0,29.4,S
2021-06-11T13:28:04,14700.0,29.4,S
2021-06-11T13:28:02,1400.0,29.35,S
2021-06-11T13:27:47,18000.0,29.4,S
2021-06-11T13:27:46,1900.0,29.45,B
2021-06-11T13:27:45,100.0,29.45,B
2021-06-11T13:27:45,8000.0,29.4,S
2021-06-11T13:27:45,1000.0,29.4,S
2021-06-11T13:27:43,1900.0,29.4,S
2021-06-11T13:27:38,2000.0,29.4,S
2021-06-11T13:27:37,1200.0,29.4,S
2021-06-11T13:27:35,2000.0,29.4,S
2021-06-11T13:27:32,1000.0,29.4,S
2021-06-11T13:27:31,100.0,29.4,S
2021-06-11T13:27:30,100.0,29.4,S
2021-06-11T13:27:30,500.0,29.4,S
2021-06-11T13:27:29,500.0,29.4,S
2021-06-11T13:27:22,1000.0,29.4,S
2021-06-11T13:27:08,5000.0,29.4,S
2021-06-11T13:26:56,1000.0,29.4,S
2021-06-11T13:26:43,100.0,29.45,B
2021-06-11T13:26:41,8700.0,29.4,S
2021-06-11T13:26:41,1000.0,29.4,S
2021-06-11T13:26:41,3700.0,29.4,S
2021-06-11T13:26:37,500.0,29.45,B
2021-06-11T13:26:25,100.0,29.45,B
2021-06-11T13:26:09,100.0,29.45,S
2021-06-11T13:25:36,10000.0,29.45,S
2021-06-11T13:25:36,1000.0,29.45,S
2021-06-11T13:25:06,700.0,29.45,S
2021-06-11T13:25:04,1300.0,29.4,S
2021-06-11T13:24:59,100.0,29.45,S
2021-06-11T13:24:53,1500.0,29.45,S
2021-06-11T13:24:34,2000.0,29.45,S
2021-06-11T13:24:33,1000.0,29.45,S
2021-06-11T13:24:32,12800.0,29.45,S
2021-06-11T13:24:32,1000.0,29.45,S
2021-06-11T13:24:28,8400.0,29.45,S
2021-06-11T13:24:28,700.0,29.45,S
2021-06-11T13:24:28,2000.0,29.45,S
2021-06-11T13:24:28,15100.0,29.45,S
2021-06-11T13:24:28,3800.0,29.45,S
2021-06-11T13:24:26,300.0,29.45,S
2021-06-11T13:24:26,1000.0,29.5,B
2021-06-11T13:24:13,1500.0,29.5,B
2021-06-11T13:24:12,3000.0,29.45,S
2021-06-11T13:24:05,1000.0,29.45,S
2021-06-11T13:24:03,100.0,29.5,B
2021-06-11T13:24:01,200.0,29.45,S
2021-06-11T13:23:52,1000.0,29.45,S
2021-06-11T13:23:50,1000.0,29.45,S
2021-06-11T13:23:36,1000.0,29.5,B
2021-06-11T13:23:31,2500.0,29.5,B
2021-06-11T13:23:23,500.0,29.5,B
2021-06-11T13:22:35,10000.0,29.45,S
2021-06-11T13:22:34,1000.0,29.45,S
2021-06-11T13:22:27,5000.0,29.5,B
2021-06-11T13:22:16,1100.0,29.5,B
2021-06-11T13:22:13,1000.0,29.5,B
2021-06-11T13:22:10,200.0,29.5,B
2021-06-11T13:22:08,10000.0,29.5,B
2021-06-11T13:22:03,500.0,29.5,B
2021-06-11T13:21:51,100.0,29.5,S
2021-06-11T13:21:36,100.0,29.5,S
2021-06-11T13:21:31,5200.0,29.5,S
2021-06-11T13:21:26,20000.0,29.5,S
2021-06-11T13:21:22,500.0,29.45,S
2021-06-11T13:21:22,100.0,29.5,S
2021-06-11T13:21:16,400.0,29.5,S
2021-06-11T13:21:15,2000.0,29.5,S
2021-06-11T13:20:43,200.0,29.5,S
2021-06-11T13:20:30,100.0,29.5,S
2021-06-11T13:20:21,400.0,29.5,S
2021-06-11T13:20:18,900.0,29.5,S
2021-06-11T13:20:11,200.0,29.5,S
2021-06-11T13:20:03,5700.0,29.5,S
2021-06-11T13:20:03,2300.0,29.5,S
2021-06-11T13:19:30,100.0,29.5,S
2021-06-11T13:19:24,2200.0,29.5,S
2021-06-11T13:19:23,1000.0,29.5,S
2021-06-11T13:19:10,100.0,29.5,S
2021-06-11T13:19:03,1000.0,29.5,S
2021-06-11T13:18:54,1200.0,29.5,S
2021-06-11T13:18:52,1000.0,29.5,S
2021-06-11T13:18:28,1000.0,29.5,S
2021-06-11T13:18:28,1000.0,29.5,S
2021-06-11T13:18:18,5500.0,29.5,S
2021-06-11T13:18:16,2500.0,29.5,S
2021-06-11T13:18:10,5100.0,29.5,S
2021-06-11T13:18:10,400.0,29.5,S
2021-06-11T13:18:10,5200.0,29.5,S
2021-06-11T13:17:37,700.0,29.5,B
2021-06-11T13:17:29,200.0,29.5,B
2021-06-11T13:17:24,500.0,29.5,B
2021-06-11T13:16:39,100.0,29.5,B
2021-06-11T13:16:34,500.0,29.5,B
2021-06-11T13:16:26,1000.0,29.55,B
2021-06-11T13:16:18,1000.0,29.55,B
2021-06-11T13:16:15,2000.0,29.5,B
2021-06-11T13:16:14,1300.0,29.45,S
2021-06-11T13:16:13,20900.0,29.45,S
2021-06-11T13:16:11,3000.0,29.5,B
2021-06-11T13:16:08,400.0,29.5,B
2021-06-11T13:16:08,100.0,29.5,B
2021-06-11T13:16:07,2000.0,29.5,B
2021-06-11T13:16:07,2000.0,29.5,B
2021-06-11T13:16:05,1000.0,29.5,B
2021-06-11T13:16:04,1700.0,29.5,B
2021-06-11T13:15:58,300.0,29.5,B
2021-06-11T13:15:47,2200.0,29.5,B
2021-06-11T13:15:46,500.0,29.5,B
2021-06-11T13:15:44,1000.0,29.5,B
2021-06-11T13:15:43,1300.0,29.5,B
2021-06-11T13:15:42,1500.0,29.5,B
2021-06-11T13:15:39,400.0,29.5,B
2021-06-11T13:15:38,4600.0,29.5,B
2021-06-11T13:15:37,2000.0,29.45,S
2021-06-11T13:15:33,1000.0,29.5,B
2021-06-11T13:15:26,1000.0,29.5,B
2021-06-11T13:15:21,1000.0,29.5,B
2021-06-11T13:15:17,900.0,29.5,B
2021-06-11T13:15:16,1200.0,29.5,B
2021-06-11T13:15:10,700.0,29.45,S
2021-06-11T13:15:08,500.0,29.45,S
2021-06-11T13:15:07,100.0,29.5,B
2021-06-11T13:15:06,200.0,29.5,B
2021-06-11T13:14:36,500.0,29.5,B
2021-06-11T13:14:17,500.0,29.5,B
2021-06-11T13:14:06,5000.0,29.45,S
2021-06-11T13:14:03,3800.0,29.45,S
2021-06-11T13:13:53,5100.0,29.5,B
2021-06-11T13:13:43,200.0,29.5,B
2021-06-11T13:13:42,900.0,29.5,B
2021-06-11T13:13:42,1100.0,29.5,B
2021-06-11T13:13:42,2300.0,29.5,B
2021-06-11T13:13:42,500.0,29.5,B
2021-06-11T13:13:42,10200.0,29.5,B
2021-06-11T13:13:41,100.0,29.5,B
2021-06-11T13:13:31,100.0,29.5,B
2021-06-11T13:13:29,300.0,29.5,B
2021-06-11T13:13:28,5000.0,29.5,B
2021-06-11T13:12:57,100.0,29.5,B
2021-06-11T13:12:55,5000.0,29.45,S
2021-06-11T13:12:53,2000.0,29.5,B
2021-06-11T13:12:50,2000.0,29.5,B
2021-06-11T13:12:46,1000.0,29.5,B
2021-06-11T13:12:46,100.0,29.5,B
2021-06-11T13:12:46,900.0,29.5,B
2021-06-11T13:12:44,400.0,29.5,B
2021-06-11T13:12:41,400.0,29.5,B
2021-06-11T13:12:40,2000.0,29.5,B
2021-06-11T13:12:23,5000.0,29.5,B
2021-06-11T13:12:21,1500.0,29.5,B
2021-06-11T13:12:14,1000.0,29.5,B
2021-06-11T13:12:06,5300.0,29.5,B
2021-06-11T13:11:41,10700.0,29.5,B
2021-06-11T13:11:41,19400.0,29.5,B
2021-06-11T13:11:41,300.0,29.5,B
2021-06-11T13:11:41,500.0,29.5,B
2021-06-11T13:11:41,6400.0,29.5,B
2021-06-11T13:11:41,1300.0,29.5,B
2021-06-11T13:11:41,7300.0,29.5,B
2021-06-11T13:11:41,2000.0,29.5,B
2021-06-11T13:11:41,200.0,29.5,B
2021-06-11T13:11:40,1900.0,29.5,B
2021-06-11T13:11:37,2000.0,29.5,B
2021-06-11T13:11:36,4000.0,29.5,B
2021-06-11T13:11:35,100.0,29.5,B
2021-06-11T13:11:25,1000.0,29.5,B
2021-06-11T13:11:18,2000.0,29.5,B
2021-06-11T13:10:52,3000.0,29.45,S
2021-06-11T13:10:44,10000.0,29.45,S
2021-06-11T13:10:34,2000.0,29.5,B
2021-06-11T13:10:24,200.0,29.5,B
2021-06-11T13:10:05,2500.0,29.5,B
2021-06-11T13:10:04,100.0,29.5,B
2021-06-11T13:09:54,1000.0,29.5,B
2021-06-11T13:09:46,1000.0,29.5,B
2021-06-11T13:09:44,5000.0,29.5,B
2021-06-11T13:09:29,400.0,29.5,B
2021-06-11T13:09:09,2000.0,29.5,B
2021-06-11T13:09:00,100.0,29.5,B
2021-06-11T13:08:52,3000.0,29.5,B
2021-06-11T13:08:43,2000.0,29.5,B
2021-06-11T13:08:41,6000.0,29.5,B
2021-06-11T13:08:40,1800.0,29.5,B
2021-06-11T13:08:40,4000.0,29.5,B
2021-06-11T13:08:40,2200.0,29.5,B
2021-06-11T13:08:40,2000.0,29.5,B
2021-06-11T13:08:39,3300.0,29.5,B
2021-06-11T13:08:37,1000.0,29.45,B
2021-06-11T13:08:36,200.0,29.5,B
2021-06-11T13:08:29,500.0,29.5,B
2021-06-11T13:08:27,100.0,29.5,B
2021-06-11T13:08:25,2000.0,29.5,B
2021-06-11T13:08:14,4800.0,29.5,B
2021-06-11T13:08:09,1900.0,29.5,B
2021-06-11T13:08:08,500.0,29.5,B
2021-06-11T13:07:43,300.0,29.5,B
2021-06-11T13:06:32,24400.0,29.5,B
2021-06-11T13:06:32,1300.0,29.45,B
2021-06-11T13:06:31,1100.0,29.45,B
2021-06-11T13:06:31,3100.0,29.45,B
2021-06-11T13:06:31,20100.0,29.45,B
2021-06-11T13:05:47,4600.0,29.45,B
2021-06-11T13:05:47,400.0,29.45,B
2021-06-11T13:05:36,1500.0,29.4,B
2021-06-11T13:05:21,100.0,29.45,B
2021-06-11T13:04:58,100.0,29.4,B
2021-06-11T13:04:36,2500.0,29.4,B
2021-06-11T11:29:55,100.0,29.35,S
2021-06-11T11:29:32,100.0,29.35,S
2021-06-11T11:28:49,5800.0,29.4,B
2021-06-11T11:28:49,2600.0,29.4,B
2021-06-11T11:28:49,3300.0,29.4,B
2021-06-11T11:28:49,400.0,29.4,B
2021-06-11T11:28:49,1000.0,29.4,B
2021-06-11T11:28:49,200.0,29.4,B
2021-06-11T11:28:49,6700.0,29.4,B
2021-06-11T11:27:11,400.0,29.4,B
2021-06-11T11:27:11,600.0,29.4,B
2021-06-11T11:26:02,300.0,29.4,B
2021-06-11T11:25:09,1500.0,29.4,B
2021-06-11T11:25:09,1500.0,29.4,B
2021-06-11T11:24:53,2000.0,29.4,B
2021-06-11T11:24:31,2000.0,29.4,B
2021-06-11T11:24:21,4500.0,29.3,S
2021-06-11T11:24:21,2100.0,29.3,S
2021-06-11T11:24:21,500.0,29.3,S
2021-06-11T11:24:21,2900.0,29.3,S
2021-06-11T11:24:19,1000.0,29.4,B
2021-06-11T11:23:57,100.0,29.4,B
2021-06-11T11:23:54,1000.0,29.4,B
2021-06-11T11:23:52,200.0,29.35,S
2021-06-11T11:23:37,100.0,29.35,S
2021-06-11T11:23:23,100.0,29.4,B
2021-06-11T11:23:05,300.0,29.4,B
2021-06-11T11:22:48,300.0,29.35,S
2021-06-11T11:22:03,3000.0,29.3,S
2021-06-11T11:22:00,500.0,29.3,S
2021-06-11T11:21:54,3800.0,29.4,B
2021-06-11T11:21:54,200.0,29.4,B
2021-06-11T11:21:54,1000.0,29.4,B
2021-06-11T11:21:47,8800.0,29.4,B
2021-06-11T11:20:48,500.0,29.3,S
2021-06-11T11:20:42,1100.0,29.4,B
2021-06-11T11:20:42,2000.0,29.4,B
2021-06-11T11:20:42,1000.0,29.4,B
2021-06-11T11:20:42,5900.0,29.4,B
2021-06-11T11:20:31,4900.0,29.35,B
2021-06-11T11:20:31,400.0,29.35,B
2021-06-11T11:20:14,200.0,29.3,B
2021-06-11T11:20:09,7400.0,29.3,B
2021-06-11T11:20:09,2500.0,29.3,B
2021-06-11T11:20:09,4100.0,29.3,B
2021-06-11T11:20:09,10000.0,29.3,B
2021-06-11T11:19:49,700.0,29.2,S
2021-06-11T11:19:37,300.0,29.3,B
2021-06-11T11:19:14,100.0,29.3,B
2021-06-11T11:19:02,200.0,29.3,B
2021-06-11T11:18:36,100.0,29.3,B
2021-06-11T11:18:36,100.0,29.3,B
2021-06-11T11:18:35,1000.0,29.2,S
2021-06-11T11:17:58,300.0,29.3,B
2021-06-11T11:17:39,1600.0,29.3,B
2021-06-11T11:17:39,1400.0,29.3,B
2021-06-11T11:17:30,500.0,29.2,S
2021-06-11T11:17:20,500.0,29.3,B
2021-06-11T11:17:10,1000.0,29.2,S
2021-06-11T11:15:06,2000.0,29.2,S
2021-06-11T11:14:48,300.0,29.3,B
2021-06-11T11:14:33,1000.0,29.2,S
2021-06-11T11:14:32,100.0,29.2,S
2021-06-11T11:14:27,1500.0,29.2,S
2021-06-11T11:14:17,1000.0,29.2,B
2021-06-11T11:14:14,300.0,29.2,B
2021-06-11T11:14:08,7000.0,29.2,B
2021-06-11T11:13:55,100.0,29.2,B
2021-06-11T11:13:53,6000.0,29.15,S
2021-06-11T11:13:51,500.0,29.2,B
2021-06-11T11:13:34,1000.0,29.2,B
2021-06-11T11:13:21,3600.0,29.2,B
2021-06-11T11:12:37,100.0,29.2,B
2021-06-11T11:12:25,300.0,29.2,B
2021-06-11T11:12:05,200.0,29.2,B
2021-06-11T11:11:29,2000.0,29.2,S
2021-06-11T11:11:29,5700.0,29.2,S
2021-06-11T11:11:26,300.0,29.2,S
2021-06-11T11:11:25,500.0,29.2,S
2021-06-11T11:11:21,200.0,29.2,S
2021-06-11T11:11:15,5200.0,29.2,S
2021-06-11T11:11:11,800.0,29.2,S
2021-06-11T11:11:11,500.0,29.2,S
2021-06-11T11:11:10,2000.0,29.2,S
2021-06-11T11:11:06,1100.0,29.2,S
2021-06-11T11:11:06,700.0,29.2,S
2021-06-11T11:11:06,8000.0,29.2,S
2021-06-11T11:10:34,6000.0,29.2,S
2021-06-11T11:10:05,4400.0,29.2,S
2021-06-11T11:10:05,100.0,29.2,S
2021-06-11T11:10:05,10000.0,29.2,S
2021-06-11T11:09:52,1700.0,29.2,S
2021-06-11T11:09:46,200.0,29.2,S
2021-06-11T11:09:46,600.0,29.2,S
2021-06-11T11:09:46,2200.0,29.2,S
2021-06-11T11:09:46,1000.0,29.25,S
2021-06-11T11:09:33,200.0,29.3,B
2021-06-11T11:09:07,900.0,29.25,S
2021-06-11T11:08:10,100.0,29.3,B
2021-06-11T11:07:49,500.0,29.3,B
2021-06-11T11:07:27,1200.0,29.2,S
2021-06-11T11:07:27,2300.0,29.2,S
2021-06-11T11:07:27,600.0,29.2,S
2021-06-11T11:07:27,300.0,29.2,S
2021-06-11T11:07:27,5600.0,29.2,S
2021-06-11T11:07:06,200.0,29.25,B
2021-06-11T11:06:42,100.0,29.25,S
2021-06-11T11:06:42,3200.0,29.25,S
2021-06-11T11:06:42,300.0,29.25,S
2021-06-11T11:06:31,700.0,29.25,S
2021-06-11T11:06:30,5300.0,29.25,S
2021-06-11T11:06:30,100.0,29.25,S
2021-06-11T11:06:26,4500.0,29.25,S
2021-06-11T11:06:23,2000.0,29.25,S
2021-06-11T11:06:19,100.0,29.3,B
2021-06-11T11:06:14,1300.0,29.25,S
2021-06-11T11:06:14,1100.0,29.25,S
2021-06-11T11:06:14,1500.0,29.25,S
2021-06-11T11:06:14,1100.0,29.25,S
2021-06-11T11:05:56,100.0,29.25,S
2021-06-11T11:05:21,200.0,29.25,S
2021-06-11T11:05:04,1000.0,29.3,B
2021-06-11T11:04:45,100.0,29.3,S
2021-06-11T11:04:40,2200.0,29.25,S
2021-06-11T11:04:40,2000.0,29.3,S
2021-06-11T11:04:40,3400.0,29.3,S
2021-06-11T11:04:27,500.0,29.3,S
2021-06-11T11:04:26,1400.0,29.3,S
2021-06-11T11:03:42,3000.0,29.3,S
2021-06-11T11:03:29,500.0,29.35,S
2021-06-11T11:03:22,1000.0,29.35,S
2021-06-11T11:03:19,1000.0,29.3,S
2021-06-11T11:03:17,500.0,29.4,B
2021-06-11T11:03:08,2600.0,29.3,S
2021-06-11T11:03:08,10600.0,29.3,S
2021-06-11T11:03:08,600.0,29.3,S
2021-06-11T11:03:08,1000.0,29.3,S
2021-06-11T11:03:08,1100.0,29.3,S
2021-06-11T11:03:08,1900.0,29.3,S
2021-06-11T11:03:08,10300.0,29.3,S
2021-06-11T11:03:08,17100.0,29.3,S
2021-06-11T11:03:07,300.0,29.35,S
2021-06-11T11:03:07,200.0,29.35,S
2021-06-11T11:03:07,4300.0,29.35,S
2021-06-11T11:02:45,400.0,29.35,S
2021-06-11T11:02:30,1000.0,29.4,S
2021-06-11T11:02:21,1600.0,29.4,S
2021-06-11T11:02:10,500.0,29.4,S
2021-06-11T11:01:37,1800.0,29.45,B
2021-06-11T11:01:35,500.0,29.4,S
2021-06-11T11:01:28,22000.0,29.4,S
2021-06-11T11:01:28,2000.0,29.4,S
2021-06-11T11:01:28,2000.0,29.4,S
2021-06-11T11:01:28,1000.0,29.4,S
2021-06-11T11:01:19,300.0,29.4,S
2021-06-11T11:01:15,1500.0,29.4,S
2021-06-11T11:01:14,300.0,29.45,B
2021-06-11T11:01:00,100.0,29.4,S
2021-06-11T11:00:56,500.0,29.4,S
2021-06-11T11:00:51,1000.0,29.45,B
2021-06-11T11:00:24,100.0,29.4,S
2021-06-11T11:00:21,1000.0,29.45,B
2021-06-11T11:00:21,9000.0,29.45,B
2021-06-11T11:00:02,2900.0,29.45,B
2021-06-11T11:00:02,7100.0,29.45,B
2021-06-11T10:59:58,500.0,29.4,S
2021-06-11T10:59:54,2000.0,29.4,S
2021-06-11T10:59:51,50000.0,29.4,S
2021-06-11T10:59:49,2000.0,29.4,S
2021-06-11T10:59:45,100.0,29.4,S
2021-06-11T10:59:41,2000.0,29.45,B
2021-06-11T10:59:37,600.0,29.4,S
2021-06-11T10:59:34,100.0,29.4,S
2021-06-11T10:59:31,400.0,29.4,S
2021-06-11T10:59:23,7400.0,29.45,B
2021-06-11T10:59:23,100.0,29.45,B
2021-06-11T10:59:23,500.0,29.45,B
2021-06-11T10:59:23,100.0,29.4,S
2021-06-11T10:59:13,2100.0,29.4,S
2021-06-11T10:59:07,900.0,29.4,S
2021-06-11T10:58:55,1000.0,29.4,S
2021-06-11T10:58:54,3600.0,29.4,S
2021-06-11T10:58:41,4100.0,29.4,S
2021-06-11T10:58:39,1000.0,29.4,S
2021-06-11T10:58:17,10000.0,29.4,S
2021-06-11T10:58:09,100.0,29.4,S
2021-06-11T10:57:56,3000.0,29.4,B
2021-06-11T10:57:56,2000.0,29.4,B
2021-06-11T10:57:55,400.0,29.4,B
2021-06-11T10:57:28,300.0,29.4,B
2021-06-11T10:57:09,1700.0,29.4,B
2021-06-11T10:56:59,100.0,29.4,B
2021-06-11T10:56:37,100.0,29.4,B
2021-06-11T10:56:27,1000.0,29.4,B
2021-06-11T10:56:09,400.0,29.4,B
2021-06-11T10:56:07,1000.0,29.4,B
2021-06-11T10:56:07,500.0,29.4,B
2021-06-11T10:56:02,6100.0,29.4,B
2021-06-11T10:55:43,1100.0,29.4,B
2021-06-11T10:55:43,100.0,29.4,B
2021-06-11T10:55:32,100.0,29.4,B
2021-06-11T10:55:18,100.0,29.4,B
2021-06-11T10:55:17,3100.0,29.4,B
2021-06-11T10:54:50,300.0,29.4,B
2021-06-11T10:54:44,500.0,29.4,B
2021-06-11T10:54:41,1200.0,29.35,S
2021-06-11T10:54:24,14000.0,29.4,B
2021-06-11T10:54:14,300.0,29.4,B
2021-06-11T10:54:09,500.0,29.4,B
2021-06-11T10:54:01,1000.0,29.4,B
2021-06-11T10:53:47,3000.0,29.4,B
2021-06-11T10:53:47,1000.0,29.4,B
2021-06-11T10:53:47,7700.0,29.4,B
2021-06-11T10:53:26,100.0,29.4,B
2021-06-11T10:53:24,10000.0,29.4,B
2021-06-11T10:53:20,200.0,29.4,B
2021-06-11T10:53:17,1000.0,29.4,B
2021-06-11T10:53:12,700.0,29.4,B
2021-06-11T10:53:10,1200.0,29.4,B
2021-06-11T10:53:10,3800.0,29.4,B
2021-06-11T10:53:09,100.0,29.35,S
2021-06-11T10:53:01,1000.0,29.4,B
2021-06-11T10:52:51,5500.0,29.4,B
2021-06-11T10:52:51,1900.0,29.4,B
2021-06-11T10:52:50,3000.0,29.4,B
2021-06-11T10:52:33,2000.0,29.4,B
2021-06-11T10:52:30,100.0,29.4,B
2021-06-11T10:52:30,600.0,29.4,B
2021-06-11T10:52:30,1000.0,29.4,B
2021-06-11T10:52:29,300.0,29.4,B
2021-06-11T10:51:58,100.0,29.35,B
2021-06-11T10:51:39,100.0,29.35,B
2021-06-11T10:51:33,300.0,29.35,B
2021-06-11T10:51:29,500.0,29.35,B
2021-06-11T10:51:24,2000.0,29.35,B
2021-06-11T10:51:15,2000.0,29.35,B
2021-06-11T10:50:59,2000.0,29.35,B
2021-06-11T10:50:55,1000.0,29.35,B
2021-06-11T10:50:33,4000.0,29.35,B
2021-06-11T10:50:27,1000.0,29.4,B
2021-06-11T10:50:27,100.0,29.35,B
2021-06-11T10:50:24,100.0,29.35,B
2021-06-11T10:50:08,500.0,29.35,B
2021-06-11T10:50:02,3700.0,29.35,B
2021-06-11T10:49:56,1000.0,29.35,B
2021-06-11T10:49:51,2400.0,29.35,B
2021-06-11T10:49:51,2600.0,29.35,B
2021-06-11T10:49:41,100.0,29.35,B
2021-06-11T10:49:41,500.0,29.35,B
2021-06-11T10:49:40,200.0,29.35,B
2021-06-11T10:49:25,1700.0,29.35,B
2021-06-11T10:48:58,800.0,29.35,B
2021-06-11T10:48:46,200.0,29.35,B
2021-06-11T10:48:34,2000.0,29.35,B
2021-06-11T10:48:32,100.0,29.35,B
2021-06-11T10:48:28,1000.0,29.35,B
2021-06-11T10:48:20,500.0,29.35,B
2021-06-11T10:48:07,500.0,29.35,B
2021-06-11T10:48:07,500.0,29.35,B
2021-06-11T10:47:51,1600.0,29.35,B
2021-06-11T10:47:46,1000.0,29.35,B
2021-06-11T10:47:46,1800.0,29.25,S
2021-06-11T10:47:46,5500.0,29.25,S
2021-06-11T10:47:46,700.0,29.25,S
2021-06-11T10:47:46,7500.0,29.3,S
2021-06-11T10:47:46,4500.0,29.3,S
2021-06-11T10:47:30,1000.0,29.35,B
2021-06-11T10:47:29,7900.0,29.3,S
2021-06-11T10:47:22,100.0,29.35,B
2021-06-11T10:47:16,1000.0,29.3,S
2021-06-11T10:47:16,2000.0,29.35,B
2021-06-11T10:46:53,900.0,29.35,B
2021-06-11T10:46:50,1000.0,29.3,S
2021-06-11T10:46:36,2300.0,29.35,B
2021-06-11T10:46:36,6700.0,29.35,B
2021-06-11T10:46:35,500.0,29.35,B
2021-06-11T10:46:25,500.0,29.3,S
2021-06-11T10:46:17,200.0,29.35,B
2021-06-11T10:46:09,1400.0,29.35,B
2021-06-11T10:46:09,9600.0,29.35,B
2021-06-11T10:45:56,1000.0,29.35,B
2021-06-11T10:45:55,200.0,29.35,B
2021-06-11T10:45:37,200.0,29.35,B
2021-06-11T10:45:31,400.0,29.35,B
2021-06-11T10:45:30,500.0,29.35,B
2021-06-11T10:45:01,500.0,29.35,B
2021-06-11T10:44:58,500.0,29.35,B
2021-06-11T10:44:52,200.0,29.3,S
2021-06-11T10:44:26,700.0,29.3,S
2021-06-11T10:44:26,1600.0,29.3,S
2021-06-11T10:44:26,700.0,29.3,S
2021-06-11T10:44:25,300.0,29.3,S
2021-06-11T10:44:25,1700.0,29.3,S
2021-06-11T10:44:04,3000.0,29.35,B
2021-06-11T10:43:51,100.0,29.35,B
2021-06-11T10:43:46,100.0,29.3,S
2021-06-11T10:43:40,100.0,29.3,S
2021-06-11T10:43:30,400.0,29.3,S
2021-06-11T10:43:21,100.0,29.35,B
2021-06-11T10:43:15,200.0,29.3,S
2021-06-11T10:42:36,300.0,29.3,S
2021-06-11T10:42:36,200.0,29.35,B
2021-06-11T10:42:34,500.0,29.3,S
2021-06-11T10:42:01,500.0,29.3,S
2021-06-11T10:41:45,500.0,29.3,S
2021-06-11T10:41:13,1000.0,29.3,S
2021-06-11T10:41:12,3000.0,29.35,B
2021-06-11T10:40:51,500.0,29.35,B
2021-06-11T10:40:14,5000.0,29.25,S
2021-06-11T10:39:55,6000.0,29.3,S
2021-06-11T10:39:22,5000.0,29.25,S
2021-06-11T10:39:21,700.0,29.35,B
2021-06-11T10:39:08,1500.0,29.25,S
2021-06-11T10:39:08,6000.0,29.3,S
2021-06-11T10:39:08,3900.0,29.3,S
2021-06-11T10:39:08,5100.0,29.3,S
2021-06-11T10:38:59,100.0,29.3,S
2021-06-11T10:38:57,100.0,29.35,B
2021-06-11T10:38:48,200.0,29.3,S
2021-06-11T10:38:45,1500.0,29.35,B
2021-06-11T10:38:41,1000.0,29.3,B
2021-06-11T10:38:37,200.0,29.35,B
2021-06-11T10:38:27,800.0,29.3,B
2021-06-11T10:38:26,2400.0,29.3,B
2021-06-11T10:38:24,1000.0,29.3,B
2021-06-11T10:38:09,100.0,29.3,B
2021-06-11T10:37:59,1000.0,29.3,B
2021-06-11T10:37:44,600.0,29.3,B
2021-06-11T10:37:41,400.0,29.3,B
2021-06-11T10:37:39,3000.0,29.3,B
2021-06-11T10:37:30,400.0,29.3,S
2021-06-11T10:37:30,1000.0,29.3,S
2021-06-11T10:37:27,200.0,29.3,S
2021-06-11T10:37:15,100.0,29.3,S
2021-06-11T10:37:09,2000.0,29.35,B
2021-06-11T10:37:07,1100.0,29.3,S
2021-06-11T10:37:07,400.0,29.3,S
2021-06-11T10:37:07,100.0,29.3,S
2021-06-11T10:37:07,100.0,29.3,S
2021-06-11T10:37:07,1800.0,29.3,S
2021-06-11T10:37:07,2200.0,29.3,S
2021-06-11T10:37:07,100.0,29.3,S
2021-06-11T10:37:07,2000.0,29.3,S
2021-06-11T10:37:06,100.0,29.35,B
2021-06-11T10:37:04,3000.0,29.3,S
2021-06-11T10:36:51,100.0,29.35,B
2021-06-11T10:36:48,600.0,29.35,B
2021-06-11T10:36:32,300.0,29.35,S
2021-06-11T10:36:31,4500.0,29.35,S
2021-06-11T10:36:27,6400.0,29.35,S
2021-06-11T10:36:25,3000.0,29.4,B
2021-06-11T10:36:18,1200.0,29.35,S
2021-06-11T10:36:14,100.0,29.35,S
2021-06-11T10:36:04,100.0,29.35,S
2021-06-11T10:35:50,1000.0,29.35,S
2021-06-11T10:35:32,200.0,29.4,B
2021-06-11T10:35:29,800.0,29.35,S
2021-06-11T10:35:27,2000.0,29.4,B
2021-06-11T10:35:24,100.0,29.4,B
2021-06-11T10:35:12,1000.0,29.35,S
2021-06-11T10:35:06,500.0,29.35,S
2021-06-11T10:35:05,500.0,29.35,S
2021-06-11T10:34:52,200.0,29.35,S
2021-06-11T10:34:49,100.0,29.4,B
2021-06-11T10:34:41,300.0,29.4,B
2021-06-11T10:34:37,100.0,29.4,B
2021-06-11T10:34:16,1000.0,29.4,B
2021-06-11T10:34:15,100.0,29.35,S
2021-06-11T10:34:15,3000.0,29.4,B
2021-06-11T10:34:04,500.0,29.4,B
2021-06-11T10:33:44,400.0,29.4,B
2021-06-11T10:33:44,400.0,29.4,B
2021-06-11T10:33:39,1000.0,29.4,B
2021-06-11T10:33:33,1000.0,29.4,B
2021-06-11T10:33:30,100.0,29.4,B
2021-06-11T10:33:28,400.0,29.4,B
2021-06-11T10:33:22,300.0,29.4,B
2021-06-11T10:33:00,1000.0,29.4,S
2021-06-11T10:32:46,300.0,29.35,S
2021-06-11T10:32:43,600.0,29.45,B
2021-06-11T10:32:43,2300.0,29.45,B
2021-06-11T10:32:43,100.0,29.45,B
2021-06-11T10:32:37,100.0,29.45,B
2021-06-11T10:32:35,10000.0,29.35,S
2021-06-11T10:32:25,800.0,29.4,S
2021-06-11T10:32:25,600.0,29.4,S
2021-06-11T10:32:25,8600.0,29.4,S
2021-06-11T10:32:23,300.0,29.45,B
2021-06-11T10:32:23,500.0,29.45,B
2021-06-11T10:32:23,200.0,29.4,S
2021-06-11T10:32:00,100.0,29.45,B
2021-06-11T10:31:55,5000.0,29.45,B
2021-06-11T10:31:45,400.0,29.45,B
2021-06-11T10:31:41,5000.0,29.45,B
2021-06-11T10:31:29,5000.0,29.45,B
2021-06-11T10:31:28,500.0,29.45,B
2021-06-11T10:31:23,2000.0,29.45,S
2021-06-11T10:31:17,100.0,29.45,S
2021-06-11T10:31:15,1000.0,29.45,S
2021-06-11T10:31:12,500.0,29.45,S
2021-06-11T10:31:07,400.0,29.45,S
2021-06-11T10:30:59,2000.0,29.45,S
2021-06-11T10:30:59,2000.0,29.45,S
2021-06-11T10:30:49,500.0,29.45,S
2021-06-11T10:30:49,100.0,29.4,S
2021-06-11T10:30:48,14900.0,29.4,S
2021-06-11T10:30:48,300.0,29.45,S
2021-06-11T10:30:43,500.0,29.45,S
2021-06-11T10:30:43,1500.0,29.45,S
2021-06-11T10:30:41,1100.0,29.45,S
2021-06-11T10:30:41,200.0,29.5,B
2021-06-11T10:30:37,100.0,29.45,S
2021-06-11T10:30:37,2500.0,29.45,S
2021-06-11T10:30:37,400.0,29.45,S
2021-06-11T10:30:27,500.0,29.5,B
2021-06-11T10:30:17,200.0,29.5,B
2021-06-11T10:30:13,100.0,29.45,S
2021-06-11T10:30:13,100.0,29.45,S
2021-06-11T10:30:09,1000.0,29.5,B
2021-06-11T10:30:01,400.0,29.5,B
2021-06-11T10:29:53,1000.0,29.45,S
2021-06-11T10:29:48,600.0,29.5,B
2021-06-11T10:29:42,500.0,29.45,S
2021-06-11T10:29:41,500.0,29.5,B
2021-06-11T10:29:33,5800.0,29.5,B
2021-06-11T10:29:33,600.0,29.5,B
2021-06-11T10:29:32,3600.0,29.5,B
2021-06-11T10:29:17,1000.0,29.5,B
2021-06-11T10:29:11,500.0,29.5,B
2021-06-11T10:29:10,500.0,29.5,B
2021-06-11T10:29:07,100.0,29.45,S
2021-06-11T10:29:06,500.0,29.5,B
2021-06-11T10:29:01,300.0,29.5,B
2021-06-11T10:28:54,1000.0,29.45,S
2021-06-11T10:28:52,500.0,29.5,B
2021-06-11T10:28:49,100.0,29.5,B
2021-06-11T10:28:46,100.0,29.5,B
2021-06-11T10:28:38,500.0,29.45,S
2021-06-11T10:28:32,2000.0,29.5,B
2021-06-11T10:28:22,300.0,29.5,B
2021-06-11T10:28:16,12500.0,29.5,B
2021-06-11T10:28:16,500.0,29.5,B
2021-06-11T10:28:16,400.0,29.5,B
2021-06-11T10:28:16,600.0,29.5,B
2021-06-11T10:28:16,800.0,29.5,B
2021-06-11T10:28:16,11200.0,29.5,B
2021-06-11T10:28:16,4000.0,29.5,B
2021-06-11T10:28:03,5000.0,29.5,B
2021-06-11T10:27:51,100.0,29.5,B
2021-06-11T10:27:41,100.0,29.5,B
2021-06-11T10:27:35,800.0,29.5,B
2021-06-11T10:27:35,200.0,29.5,B
2021-06-11T10:27:35,16000.0,29.5,B
2021-06-11T10:27:27,1100.0,29.5,B
2021-06-11T10:27:25,600.0,29.45,S
2021-06-11T10:27:16,1000.0,29.5,B
2021-06-11T10:27:01,100.0,29.5,B
2021-06-11T10:26:59,5000.0,29.5,B
2021-06-11T10:26:58,500.0,29.5,B
2021-06-11T10:26:46,3100.0,29.5,B
2021-06-11T10:26:45,1900.0,29.5,B
2021-06-11T10:26:44,7000.0,29.45,S
2021-06-11T10:26:44,2000.0,29.45,S
2021-06-11T10:26:44,1000.0,29.45,S
2021-06-11T10:26:40,100.0,29.5,B
2021-06-11T10:26:40,1000.0,29.45,S
2021-06-11T10:26:31,1000.0,29.5,B
2021-06-11T10:26:30,200.0,29.5,B
2021-06-11T10:26:27,4000.0,29.5,B
2021-06-11T10:26:05,500.0,29.5,B
2021-06-11T10:26:02,5000.0,29.5,B
2021-06-11T10:26:01,600.0,29.5,B
2021-06-11T10:25:54,600.0,29.5,B
2021-06-11T10:25:50,400.0,29.5,B
2021-06-11T10:25:39,700.0,29.5,B
2021-06-11T10:25:35,400.0,29.5,B
2021-06-11T10:25:30,900.0,29.5,B
2021-06-11T10:25:30,100.0,29.5,B
2021-06-11T10:25:28,7200.0,29.55,B
2021-06-11T10:25:25,100.0,29.5,B
2021-06-11T10:25:18,2100.0,29.5,S
2021-06-11T10:25:10,2100.0,29.5,S
2021-06-11T10:25:04,500.0,29.5,S
2021-06-11T10:25:01,200.0,29.5,S
2021-06-11T10:25:01,500.0,29.5,S
2021-06-11T10:25:00,1100.0,29.5,S
2021-06-11T10:24:57,8600.0,29.5,S
2021-06-11T10:24:51,1000.0,29.55,B
2021-06-11T10:24:49,1800.0,29.55,B
2021-06-11T10:24:49,200.0,29.55,B
2021-06-11T10:24:46,500.0,29.55,B
2021-06-11T10:24:44,300.0,29.55,B
2021-06-11T10:24:43,200.0,29.5,S
2021-06-11T10:24:34,500.0,29.5,S
2021-06-11T10:24:34,500.0,29.5,S
2021-06-11T10:24:17,5000.0,29.5,B
2021-06-11T10:24:16,200.0,29.5,B
2021-06-11T10:24:15,1800.0,29.5,B
2021-06-11T10:24:15,4300.0,29.5,B
2021-06-11T10:24:15,9600.0,29.5,B
2021-06-11T10:24:12,1500.0,29.5,B
2021-06-11T10:24:12,2600.0,29.5,B
2021-06-11T10:24:12,1200.0,29.5,B
2021-06-11T10:24:12,4500.0,29.5,B
2021-06-11T10:24:12,200.0,29.5,B
2021-06-11T10:24:10,1000.0,29.5,B
2021-06-11T10:24:02,100.0,29.4,S
2021-06-11T10:24:00,1900.0,29.5,B
2021-06-11T10:24:00,400.0,29.5,B
2021-06-11T10:24:00,1300.0,29.5,B
2021-06-11T10:24:00,6400.0,29.5,B
2021-06-11T10:23:56,900.0,29.45,S
2021-06-11T10:23:48,3000.0,29.5,B
2021-06-11T10:23:48,600.0,29.5,B
2021-06-11T10:23:46,10000.0,29.5,B
2021-06-11T10:23:37,500.0,29.5,B
2021-06-11T10:23:31,1000.0,29.5,B
2021-06-11T10:23:25,1000.0,29.5,B
2021-06-11T10:23:21,6200.0,29.4,S
2021-06-11T10:23:19,3500.0,29.5,B
2021-06-11T10:23:19,1500.0,29.5,B
2021-06-11T10:23:19,4000.0,29.5,B
2021-06-11T10:23:15,500.0,29.5,B
2021-06-11T10:23:10,1000.0,29.5,B
2021-06-11T10:23:09,300.0,29.5,B
2021-06-11T10:23:09,100.0,29.5,B
2021-06-11T10:23:08,1000.0,29.5,B
2021-06-11T10:23:07,700.0,29.4,S
2021-06-11T10:23:07,1800.0,29.45,S
2021-06-11T10:22:59,6000.0,29.5,B
2021-06-11T10:22:57,500.0,29.5,B
2021-06-11T10:22:53,100.0,29.4,S
2021-06-11T10:22:48,100.0,29.5,B
2021-06-11T10:22:46,10000.0,29.5,B
2021-06-11T10:22:44,1000.0,29.5,B
2021-06-11T10:22:44,6000.0,29.5,B
2021-06-11T10:22:43,500.0,29.5,B
2021-06-11T10:22:41,100.0,29.4,S
2021-06-11T10:22:40,1200.0,29.45,S
2021-06-11T10:22:38,200.0,29.5,B
2021-06-11T10:22:36,500.0,29.5,B
2021-06-11T10:22:34,900.0,29.5,B
2021-06-11T10:22:31,1000.0,29.5,B
2021-06-11T10:22:28,200.0,29.5,B
2021-06-11T10:22:22,100.0,29.45,S
2021-06-11T10:22:21,5000.0,29.5,B
2021-06-11T10:22:17,2000.0,29.5,B
2021-06-11T10:22:13,100.0,29.45,S
2021-06-11T10:22:11,8300.0,29.5,B
2021-06-11T10:22:06,5000.0,29.5,B
2021-06-11T10:22:00,300.0,29.5,B
2021-06-11T10:21:58,300.0,29.5,B
2021-06-11T10:21:56,1600.0,29.5,B
2021-06-11T10:21:54,200.0,29.45,S
2021-06-11T10:21:54,100.0,29.5,B
2021-06-11T10:21:54,2300.0,29.5,B
2021-06-11T10:21:48,100.0,29.5,B
2021-06-11T10:21:43,5000.0,29.5,B
2021-06-11T10:21:41,200.0,29.5,B
2021-06-11T10:21:31,800.0,29.5,B
2021-06-11T10:21:27,5000.0,29.5,B
2021-06-11T10:21:22,500.0,29.4,S
2021-06-11T10:21:11,3600.0,29.5,B
2021-06-11T10:21:11,4000.0,29.5,B
2021-06-11T10:21:11,4400.0,29.5,B
2021-06-11T10:20:54,400.0,29.4,B
2021-06-11T10:20:53,2500.0,29.4,B
2021-06-11T10:20:53,2500.0,29.4,B
2021-06-11T10:20:48,500.0,29.4,B
2021-06-11T10:20:44,1000.0,29.4,B
2021-06-11T10:20:44,1700.0,29.4,B
2021-06-11T10:20:19,6300.0,29.4,B
2021-06-11T10:20:19,20100.0,29.4,B
2021-06-11T10:20:19,10000.0,29.4,B
2021-06-11T10:20:19,1300.0,29.4,B
2021-06-11T10:20:19,5100.0,29.4,B
2021-06-11T10:20:19,2100.0,29.4,B
2021-06-11T10:20:19,2200.0,29.4,B
2021-06-11T10:20:19,1000.0,29.4,B
2021-06-11T10:20:19,1900.0,29.4,B
2021-06-11T10:19:57,200.0,29.35,B
2021-06-11T10:19:55,2000.0,29.35,B
2021-06-11T10:19:54,500.0,29.35,B
2021-06-11T10:19:54,800.0,29.35,B
2021-06-11T10:19:54,500.0,29.35,B
2021-06-11T10:19:54,600.0,29.35,B
2021-06-11T10:19:53,9700.0,29.35,B
2021-06-11T10:19:53,2500.0,29.35,B
2021-06-11T10:19:51,100.0,29.35,B
2021-06-11T10:19:43,500.0,29.35,B
2021-06-11T10:19:38,900.0,29.35,B
2021-06-11T10:19:38,2000.0,29.35,B
2021-06-11T10:19:35,800.0,29.35,B
2021-06-11T10:19:13,3700.0,29.35,B
2021-06-11T10:19:03,500.0,29.3,S
2021-06-11T10:19:00,6000.0,29.35,B
2021-06-11T10:18:57,1000.0,29.3,S
2021-06-11T10:18:56,500.0,29.3,S
2021-06-11T10:18:55,10000.0,29.35,B
2021-06-11T10:18:49,300.0,29.3,B
2021-06-11T10:18:48,2300.0,29.3,B
2021-06-11T10:18:46,600.0,29.3,B
2021-06-11T10:18:43,1000.0,29.3,B
2021-06-11T10:18:41,1000.0,29.3,B
2021-06-11T10:18:39,600.0,29.25,S
2021-06-11T10:18:38,200.0,29.3,B
2021-06-11T10:18:33,1200.0,29.3,B
2021-06-11T10:18:20,23100.0,29.3,B
2021-06-11T10:18:20,10000.0,29.3,B
2021-06-11T10:18:20,1300.0,29.3,B
2021-06-11T10:18:20,3500.0,29.3,B
2021-06-11T10:18:20,7000.0,29.3,B
2021-06-11T10:18:20,15000.0,29.3,B
2021-06-11T10:18:20,1100.0,29.3,B
2021-06-11T10:18:20,400.0,29.3,B
2021-06-11T10:18:20,2200.0,29.3,B
2021-06-11T10:18:20,700.0,29.3,B
2021-06-11T10:18:20,13700.0,29.3,B
2021-06-11T10:18:14,1000.0,29.25,S
2021-06-11T10:18:07,500.0,29.25,S
2021-06-11T10:18:05,3000.0,29.3,B
2021-06-11T10:18:04,5000.0,29.25,S
2021-06-11T10:18:02,100.0,29.3,B
2021-06-11T10:18:02,4000.0,29.25,B
2021-06-11T10:17:57,1000.0,29.2,S
2021-06-11T10:17:50,100.0,29.25,B
2021-06-11T10:17:42,2700.0,29.25,B
2021-06-11T10:17:42,100.0,29.2,S
2021-06-11T10:17:33,100.0,29.25,B
2021-06-11T10:17:31,3800.0,29.25,B
2021-06-11T10:17:25,6300.0,29.25,B
2021-06-11T10:17:15,1000.0,29.25,B
2021-06-11T10:17:12,900.0,29.25,B
2021-06-11T10:17:08,100.0,29.2,S
2021-06-11T10:17:04,2000.0,29.25,B
2021-06-11T10:17:03,100.0,29.2,S
2021-06-11T10:17:02,100.0,29.2,S
2021-06-11T10:16:56,100.0,29.25,B
2021-06-11T10:16:53,500.0,29.2,S
2021-06-11T10:16:49,6800.0,29.25,B
2021-06-11T10:16:47,100.0,29.25,B
2021-06-11T10:16:45,1000.0,29.25,B
2021-06-11T10:16:36,100.0,29.2,S
2021-06-11T10:16:31,1000.0,29.2,S
2021-06-11T10:16:25,500.0,29.2,S
2021-06-11T10:16:21,100.0,29.2,S
2021-06-11T10:16:09,200.0,29.2,B
2021-06-11T10:16:03,400.0,29.2,B
2021-06-11T10:16:03,1200.0,29.2,B
2021-06-11T10:16:03,1400.0,29.2,B
2021-06-11T10:16:01,13600.0,29.2,B
2021-06-11T10:16:01,200.0,29.2,B
2021-06-11T10:16:01,2000.0,29.2,B
2021-06-11T10:15:55,600.0,29.2,B
2021-06-11T10:15:53,10000.0,29.2,B
2021-06-11T10:15:52,500.0,29.2,B
2021-06-11T10:15:52,5400.0,29.2,B
2021-06-11T10:15:52,2100.0,29.2,B
2021-06-11T10:15:52,600.0,29.2,B
2021-06-11T10:15:51,1900.0,29.2,B
2021-06-11T10:15:44,8000.0,29.2,B
2021-06-11T10:15:39,400.0,29.2,B
2021-06-11T10:15:38,300.0,29.2,B
2021-06-11T10:15:36,800.0,29.2,B
2021-06-11T10:15:34,5000.0,29.2,B
2021-06-11T10:15:25,3000.0,29.2,B
2021-06-11T10:15:22,1500.0,29.2,B
2021-06-11T10:15:19,300.0,29.2,B
2021-06-11T10:15:14,100.0,29.2,B
2021-06-11T10:15:10,3000.0,29.2,B
2021-06-11T10:15:08,1000.0,29.2,B
2021-06-11T10:15:08,100.0,29.2,B
2021-06-11T10:14:59,2000.0,29.2,B
2021-06-11T10:14:58,1000.0,29.2,B
2021-06-11T10:14:56,1800.0,29.2,B
2021-06-11T10:14:51,2400.0,29.2,B
2021-06-11T10:14:50,100.0,29.2,B
2021-06-11T10:14:47,200.0,29.2,B
2021-06-11T10:14:38,3000.0,29.2,B
2021-06-11T10:14:32,100.0,29.15,B
2021-06-11T10:14:22,100.0,29.15,B
2021-06-11T10:14:20,5500.0,29.15,B
2021-06-11T10:14:20,8300.0,29.15,B
2021-06-11T10:14:12,1000.0,29.15,B
2021-06-11T10:14:07,4000.0,29.15,B
2021-06-11T10:14:05,500.0,29.1,S
2021-06-11T10:14:02,3000.0,29.15,B
2021-06-11T10:13:51,300.0,29.1,S
2021-06-11T10:13:36,9500.0,29.1,B
2021-06-11T10:13:31,200.0,29.1,B
2021-06-11T10:13:28,2200.0,29.1,B
2021-06-11T10:13:27,2800.0,29.1,B
2021-06-11T10:13:27,700.0,29.1,B
2021-06-11T10:13:13,4100.0,29.1,B
2021-06-11T10:13:10,200.0,29.05,B
2021-06-11T10:13:10,300.0,29.1,B
2021-06-11T10:13:10,400.0,29.05,B
2021-06-11T10:13:02,500.0,29.05,B
2021-06-11T10:13:00,500.0,29.0,S
2021-06-11T10:12:58,1500.0,29.05,B
2021-06-11T10:12:55,3600.0,29.05,B
2021-06-11T10:12:49,2000.0,29.05,B
2021-06-11T10:12:47,300.0,29.05,B
2021-06-11T10:12:39,500.0,29.05,B
2021-06-11T10:12:35,100.0,29.05,B
2021-06-11T10:12:33,400.0,29.05,B
2021-06-11T10:12:26,1000.0,29.05,B
2021-06-11T10:12:24,100.0,29.05,B
2021-06-11T10:12:20,4600.0,29.05,B
2021-06-11T10:12:20,100.0,29.1,B
2021-06-11T10:12:16,900.0,29.05,B
2021-06-11T10:12:11,500.0,29.0,S
2021-06-11T10:11:59,100.0,29.05,B
2021-06-11T10:11:59,400.0,29.05,B
2021-06-11T10:11:54,1500.0,29.0,S
2021-06-11T10:11:48,2000.0,29.0,S
2021-06-11T10:11:48,200.0,29.0,S
2021-06-11T10:11:40,600.0,29.05,B
2021-06-11T10:11:24,100.0,29.0,B
2021-06-11T10:11:24,700.0,29.0,B
2021-06-11T10:11:23,100.0,29.0,B
2021-06-11T10:11:18,2000.0,29.0,B
2021-06-11T10:11:16,2000.0,29.0,B
2021-06-11T10:11:15,200.0,29.0,B
2021-06-11T10:11:13,10000.0,29.0,B
2021-06-11T10:11:11,100.0,29.0,B
2021-06-11T10:10:55,5200.0,29.0,B
2021-06-11T10:10:54,2000.0,29.0,B
2021-06-11T10:10:54,1700.0,29.0,B
2021-06-11T10:10:54,11100.0,29.0,B
2021-06-11T10:10:40,1000.0,29.0,B
2021-06-11T10:10:20,300.0,28.95,B
2021-06-11T10:10:19,3500.0,29.0,B
2021-06-11T10:10:14,100.0,28.95,B
2021-06-11T10:10:10,1000.0,28.95,B
2021-06-11T10:10:09,2000.0,28.95,B
2021-06-11T10:09:56,1000.0,28.95,B
2021-06-11T10:09:53,2000.0,28.95,B
2021-06-11T10:09:46,3000.0,28.95,S
2021-06-11T10:09:42,3000.0,28.95,S
2021-06-11T10:09:36,1200.0,28.95,S
2021-06-11T10:09:29,500.0,28.95,B
2021-06-11T10:09:29,3300.0,28.95,B
2021-06-11T10:09:19,1700.0,28.95,B
2021-06-11T10:09:16,100.0,28.95,S
2021-06-11T10:09:16,900.0,28.95,S
2021-06-11T10:09:16,600.0,28.95,S
2021-06-11T10:09:14,500.0,29.0,B
2021-06-11T10:08:09,2000.0,28.95,S
2021-06-11T10:08:07,500.0,28.95,S
2021-06-11T10:07:53,500.0,28.95,S
2021-06-11T10:07:31,10000.0,28.95,S
2021-06-11T10:07:15,2000.0,29.0,B
2021-06-11T10:06:48,1000.0,28.95,S
2021-06-11T10:06:41,200.0,28.95,S
2021-06-11T10:06:32,1300.0,28.95,B
2021-06-11T10:06:28,2000.0,28.95,B
2021-06-11T10:06:26,2000.0,28.95,B
2021-06-11T10:06:26,100.0,28.95,B
2021-06-11T10:06:16,7800.0,28.95,S
2021-06-11T10:06:05,1000.0,29.0,B
2021-06-11T10:05:57,100.0,29.0,B
2021-06-11T10:05:33,1000.0,28.95,S
2021-06-11T10:05:30,1000.0,29.0,B
2021-06-11T10:05:23,1500.0,29.0,B
2021-06-11T10:05:23,1500.0,29.0,B
2021-06-11T10:05:00,300.0,29.0,B
2021-06-11T10:04:57,16200.0,28.9,S
2021-06-11T10:04:56,3800.0,28.95,S
2021-06-11T10:04:25,3000.0,29.0,B
2021-06-11T10:04:15,6000.0,28.95,S
2021-06-11T10:04:12,400.0,29.0,B
2021-06-11T10:04:09,200.0,29.0,B
2021-06-11T10:04:08,10000.0,28.95,S
2021-06-11T10:04:01,9300.0,29.0,B
2021-06-11T10:04:01,1000.0,29.0,B
2021-06-11T10:04:00,5000.0,28.95,S
2021-06-11T10:03:43,1000.0,29.0,B
2021-06-11T10:03:32,2400.0,29.0,S
2021-06-11T10:03:32,2900.0,29.0,S
2021-06-11T10:03:32,5100.0,29.0,S
2021-06-11T10:03:32,200.0,29.0,S
2021-06-11T10:03:32,4900.0,29.0,S
2021-06-11T10:03:32,200.0,29.0,S
2021-06-11T10:03:32,2900.0,29.0,S
2021-06-11T10:03:23,3000.0,29.0,S
2021-06-11T10:03:17,3000.0,29.0,S
2021-06-11T10:03:13,10000.0,29.0,S
2021-06-11T10:02:48,2000.0,29.0,S
2021-06-11T10:02:44,1000.0,29.05,S
2021-06-11T10:02:40,2500.0,29.0,S
2021-06-11T10:02:40,7500.0,29.0,S
2021-06-11T10:02:39,100.0,29.0,S
2021-06-11T10:02:36,1000.0,29.0,S
2021-06-11T10:02:28,10000.0,29.0,S
2021-06-11T10:02:21,7800.0,29.0,S
2021-06-11T10:02:21,2000.0,29.0,S
2021-06-11T10:02:21,300.0,29.0,S
2021-06-11T10:02:14,200.0,29.1,B
2021-06-11T10:02:13,2000.0,29.1,B
2021-06-11T10:01:56,2800.0,29.0,S
2021-06-11T10:01:54,900.0,29.0,S
2021-06-11T10:01:50,5000.0,29.0,S
2021-06-11T10:01:39,20000.0,29.0,S
2021-06-11T10:01:38,500.0,29.1,B
2021-06-11T10:01:38,3000.0,29.1,B
2021-06-11T10:01:37,900.0,29.05,S
2021-06-11T10:01:34,4000.0,29.05,S
2021-06-11T10:01:33,2000.0,29.1,B
2021-06-11T10:01:33,200.0,29.1,B
2021-06-11T10:01:08,100.0,29.1,S
2021-06-11T10:01:03,1500.0,29.1,S
2021-06-11T10:01:02,100.0,29.1,S
2021-06-11T10:01:02,300.0,29.1,S
2021-06-11T10:01:01,500.0,29.1,S
2021-06-11T10:00:59,100.0,29.1,S
2021-06-11T10:00:57,100.0,29.1,S
2021-06-11T10:00:57,1500.0,29.1,S
2021-06-11T10:00:57,100.0,29.1,S
2021-06-11T10:00:57,1800.0,29.1,S
2021-06-11T10:00:57,6600.0,29.1,S
2021-06-11T10:00:55,500.0,29.1,S
2021-06-11T10:00:55,3000.0,29.1,S
2021-06-11T10:00:52,5000.0,29.1,S
2021-06-11T10:00:50,1600.0,29.1,S
2021-06-11T10:00:50,2000.0,29.1,S
2021-06-11T10:00:49,1000.0,29.1,S
2021-06-11T10:00:45,1500.0,29.1,S
2021-06-11T10:00:32,1000.0,29.1,S
2021-06-11T10:00:32,200.0,29.15,B
2021-06-11T10:00:29,200.0,29.1,S
2021-06-11T10:00:24,500.0,29.1,S
2021-06-11T10:00:20,500.0,29.15,S
2021-06-11T10:00:18,3000.0,29.15,S
2021-06-11T10:00:11,500.0,29.1,S
2021-06-11T09:59:58,500.0,29.2,B
2021-06-11T09:59:49,100.0,29.1,S
2021-06-11T09:59:40,500.0,29.2,B
2021-06-11T09:59:35,500.0,29.2,S
2021-06-11T09:59:21,4800.0,29.2,S
2021-06-11T09:59:21,1800.0,29.2,S
2021-06-11T09:59:21,800.0,29.2,S
2021-06-11T09:59:21,1000.0,29.2,S
2021-06-11T09:59:21,1200.0,29.2,S
2021-06-11T09:59:20,200.0,29.2,S
2021-06-11T09:59:20,100.0,29.25,B
2021-06-11T09:59:19,1600.0,29.25,B
2021-06-11T09:59:19,3400.0,29.25,B
2021-06-11T09:59:18,100.0,29.2,S
2021-06-11T09:59:14,200.0,29.2,S
2021-06-11T09:59:09,500.0,29.2,S
2021-06-11T09:59:05,5000.0,29.2,S
2021-06-11T09:59:02,100.0,29.2,S
2021-06-11T09:59:02,100.0,29.25,S
2021-06-11T09:58:58,4000.0,29.2,S
2021-06-11T09:58:53,200.0,29.2,S
2021-06-11T09:58:51,1000.0,29.2,S
2021-06-11T09:58:49,2000.0,29.2,S
2021-06-11T09:58:47,100.0,29.25,S
2021-06-11T09:58:41,1000.0,29.2,S
2021-06-11T09:58:38,300.0,29.25,S
2021-06-11T09:58:33,2000.0,29.2,S
2021-06-11T09:58:29,900.0,29.3,B
2021-06-11T09:58:29,2000.0,29.25,S
2021-06-11T09:58:20,2000.0,29.2,S
2021-06-11T09:58:16,10000.0,29.2,S
2021-06-11T09:58:14,1000.0,29.25,S
2021-06-11T09:58:03,2000.0,29.25,B
2021-06-11T09:57:50,300.0,29.25,B
2021-06-11T09:57:47,200.0,29.25,B
2021-06-11T09:57:45,8200.0,29.2,S
2021-06-11T09:57:45,100.0,29.25,S
2021-06-11T09:57:45,1700.0,29.25,S
2021-06-11T09:57:45,3000.0,29.35,B
2021-06-11T09:57:38,2000.0,29.35,B
2021-06-11T09:57:34,300.0,29.3,S
2021-06-11T09:57:30,100.0,29.35,B
2021-06-11T09:57:30,900.0,29.35,B
2021-06-11T09:57:17,300.0,29.35,B
2021-06-11T09:57:14,500.0,29.3,S
2021-06-11T09:57:13,800.0,29.35,B
2021-06-11T09:57:03,900.0,29.3,S
2021-06-11T09:57:02,2000.0,29.3,S
2021-06-11T09:56:54,500.0,29.3,B
2021-06-11T09:56:49,100.0,29.3,B
2021-06-11T09:56:43,100.0,29.3,B
2021-06-11T09:56:39,4700.0,29.3,B
2021-06-11T09:56:37,100.0,29.25,S
2021-06-11T09:56:28,900.0,29.3,B
2021-06-11T09:56:28,1100.0,29.3,B
2021-06-11T09:56:27,2700.0,29.3,B
2021-06-11T09:56:21,3000.0,29.3,B
2021-06-11T09:56:14,5000.0,29.3,B
2021-06-11T09:56:13,7300.0,29.2,S
2021-06-11T09:56:12,1500.0,29.3,B
2021-06-11T09:56:12,2000.0,29.25,S
2021-06-11T09:56:02,5000.0,29.2,S
2021-06-11T09:55:54,100.0,29.25,B
2021-06-11T09:55:52,800.0,29.25,B
2021-06-11T09:55:48,200.0,29.25,B
2021-06-11T09:55:34,2000.0,29.25,B
2021-06-11T09:55:30,100.0,29.25,B
2021-06-11T09:55:26,100.0,29.2,B
2021-06-11T09:55:22,100.0,29.25,B
2021-06-11T09:55:20,500.0,29.2,B
2021-06-11T09:55:19,1000.0,29.2,B
2021-06-11T09:55:07,1000.0,29.25,B
2021-06-11T09:55:07,1000.0,29.25,B
2021-06-11T09:55:05,300.0,29.2,B
2021-06-11T09:55:04,2800.0,29.2,B
2021-06-11T09:55:03,1000.0,29.1,S
2021-06-11T09:54:55,1000.0,29.1,S
2021-06-11T09:54:54,100.0,29.2,B
2021-06-11T09:54:50,10000.0,29.2,B
2021-06-11T09:54:50,100.0,29.2,B
2021-06-11T09:54:47,1000.0,29.2,B
2021-06-11T09:54:46,100.0,29.2,B
2021-06-11T09:54:44,300.0,29.2,B
2021-06-11T09:54:39,1500.0,29.2,B
2021-06-11T09:54:37,800.0,29.1,S
2021-06-11T09:54:37,200.0,29.1,S
2021-06-11T09:54:26,1600.0,29.2,B
2021-06-11T09:54:25,4300.0,29.1,S
2021-06-11T09:54:25,5700.0,29.1,S
2021-06-11T09:54:00,500.0,29.1,S
2021-06-11T09:53:59,300.0,29.1,S
2021-06-11T09:53:57,200.0,29.1,B
2021-06-11T09:53:38,200.0,29.1,B
2021-06-11T09:53:31,2900.0,29.1,B
2021-06-11T09:53:29,200.0,29.1,B
2021-06-11T09:53:29,500.0,29.1,B
2021-06-11T09:53:09,600.0,29.1,B
2021-06-11T09:52:58,500.0,29.1,B
2021-06-11T09:52:57,1600.0,29.1,B
2021-06-11T09:52:57,600.0,29.1,B
2021-06-11T09:52:39,900.0,29.0,S
2021-06-11T09:52:38,3000.0,29.1,B
2021-06-11T09:52:29,500.0,29.0,B
2021-06-11T09:52:25,200.0,29.0,B
2021-06-11T09:52:21,1500.0,29.1,B
2021-06-11T09:52:13,2000.0,29.0,B
2021-06-11T09:52:13,1100.0,29.0,B
2021-06-11T09:52:13,2000.0,29.0,B
2021-06-11T09:52:13,1700.0,29.0,B
2021-06-11T09:52:13,900.0,29.0,B
2021-06-11T09:52:13,600.0,29.0,B
2021-06-11T09:52:13,10900.0,29.0,B
2021-06-11T09:52:13,9000.0,29.0,B
2021-06-11T09:52:13,2000.0,29.0,B
2021-06-11T09:52:13,1000.0,29.0,B
2021-06-11T09:52:13,2200.0,29.0,B
2021-06-11T09:52:12,4900.0,29.0,B
2021-06-11T09:52:11,5000.0,29.0,B
2021-06-11T09:52:10,10000.0,29.0,B
2021-06-11T09:52:09,400.0,29.0,B
2021-06-11T09:52:08,4100.0,29.0,B
2021-06-11T09:52:03,3900.0,29.0,B
2021-06-11T09:52:03,2700.0,29.0,B
2021-06-11T09:52:03,3400.0,29.0,B
2021-06-11T09:51:37,3000.0,29.0,B
2021-06-11T09:51:31,4700.0,28.95,B
2021-06-11T09:51:29,500.0,28.9,S
2021-06-11T09:51:29,400.0,28.95,B
2021-06-11T09:51:27,100.0,28.9,S
2021-06-11T09:51:15,100.0,28.9,S
2021-06-11T09:51:15,100.0,28.9,S
2021-06-11T09:51:14,4100.0,28.9,S
2021-06-11T09:51:05,1000.0,28.9,S
2021-06-11T09:50:55,1600.0,28.9,S
2021-06-11T09:50:50,200.0,28.9,S
2021-06-11T09:50:45,500.0,28.9,S
2021-06-11T09:50:20,500.0,28.9,B
2021-06-11T09:50:15,1300.0,28.9,B
2021-06-11T09:50:12,500.0,28.85,S
2021-06-11T09:50:07,2400.0,28.9,B
2021-06-11T09:50:07,2600.0,28.9,B
2021-06-11T09:49:19,3000.0,28.9,B
2021-06-11T09:49:17,1000.0,28.85,S
2021-06-11T09:49:07,5000.0,28.9,B
2021-06-11T09:48:39,300.0,28.9,B
2021-06-11T09:48:37,200.0,28.85,B
2021-06-11T09:48:37,1100.0,28.85,B
2021-06-11T09:48:37,1000.0,28.85,B
2021-06-11T09:48:32,200.0,28.8,S
2021-06-11T09:48:03,200.0,28.8,B
2021-06-11T09:48:03,1300.0,28.8,B
2021-06-11T09:48:03,7900.0,28.8,B
2021-06-11T09:48:03,1100.0,28.8,B
2021-06-11T09:48:02,2200.0,28.8,B
2021-06-11T09:48:02,9400.0,28.8,B
2021-06-11T09:48:02,2400.0,28.8,B
2021-06-11T09:48:02,500.0,28.8,B
2021-06-11T09:48:02,12400.0,28.8,B
2021-06-11T09:48:02,1500.0,28.8,B
2021-06-11T09:48:02,21600.0,28.8,B
2021-06-11T09:48:01,5000.0,28.7,S
2021-06-11T09:47:52,6000.0,28.8,B
2021-06-11T09:47:48,15000.0,28.75,B
2021-06-11T09:47:45,100.0,28.75,B
2021-06-11T09:47:41,100.0,28.75,B
2021-06-11T09:47:34,800.0,28.7,S
2021-06-11T09:47:17,300.0,28.7,B
2021-06-11T09:47:13,500.0,28.7,B
2021-06-11T09:47:11,1600.0,28.7,B
2021-06-11T09:47:07,100.0,28.7,B
2021-06-11T09:47:07,300.0,28.7,B
2021-06-11T09:47:07,1800.0,28.7,B
2021-06-11T09:47:07,6900.0,28.7,B
2021-06-11T09:47:01,200.0,28.7,B
2021-06-11T09:46:57,1200.0,28.7,B
2021-06-11T09:46:52,1300.0,28.7,B
2021-06-11T09:46:51,1700.0,28.65,S
2021-06-11T09:46:51,5100.0,28.65,S
2021-06-11T09:46:43,6000.0,28.7,B
2021-06-11T09:46:07,500.0,28.65,B
2021-06-11T09:46:06,100.0,28.65,B
2021-06-11T09:46:06,1300.0,28.65,B
2021-06-11T09:46:03,200.0,28.6,S
2021-06-11T09:45:51,2000.0,28.65,B
2021-06-11T09:45:48,1000.0,28.65,B
2021-06-11T09:45:46,1000.0,28.6,S
2021-06-11T09:45:46,400.0,28.6,S
2021-06-11T09:45:39,100.0,28.6,S
2021-06-11T09:44:31,100.0,28.6,B
2021-06-11T09:44:25,900.0,28.6,B
2021-06-11T09:44:22,2900.0,28.6,B
2021-06-11T09:44:12,100.0,28.6,B
2021-06-11T09:44:03,700.0,28.6,B
2021-06-11T09:44:02,10500.0,28.6,B
2021-06-11T09:44:01,100.0,28.6,B
2021-06-11T09:43:35,500.0,28.55,B
2021-06-11T09:43:17,200.0,28.55,B
2021-06-11T09:43:12,500.0,28.45,S
2021-06-11T09:43:12,21500.0,28.5,S
2021-06-11T09:43:10,200.0,28.55,B
2021-06-11T09:42:58,900.0,28.55,B
2021-06-11T09:42:36,2000.0,28.55,B
2021-06-11T09:42:34,300.0,28.55,B
2021-06-11T09:42:30,500.0,28.55,B
2021-06-11T09:42:01,5800.0,28.5,S
2021-06-11T09:41:57,200.0,28.45,S
2021-06-11T09:41:57,1800.0,28.45,S
2021-06-11T09:41:57,3000.0,28.5,S
2021-06-11T09:41:54,400.0,28.5,S
2021-06-11T09:41:39,3200.0,28.5,B
2021-06-11T09:41:34,500.0,28.45,S
2021-06-11T09:41:33,200.0,28.5,B
2021-06-11T09:41:13,700.0,28.5,B
2021-06-11T09:40:52,200.0,28.5,B
2021-06-11T09:40:45,300.0,28.5,B
2021-06-11T09:40:41,3000.0,28.5,B
2021-06-11T09:40:39,200.0,28.5,B
2021-06-11T09:40:19,5000.0,28.5,B
2021-06-11T09:40:06,10000.0,28.5,S
2021-06-11T09:40:04,6000.0,28.5,S
2021-06-11T09:39:58,20000.0,28.5,S
2021-06-11T09:39:51,200.0,28.5,S
2021-06-11T09:39:39,300.0,28.5,B
2021-06-11T09:39:38,200.0,28.5,B
2021-06-11T09:39:33,2000.0,28.5,B
2021-06-11T09:39:30,4000.0,28.5,B
2021-06-11T09:39:14,1000.0,28.5,B
2021-06-11T09:39:12,700.0,28.5,B
2021-06-11T09:39:09,5000.0,28.5,B
2021-06-11T09:39:07,3800.0,28.4,S
2021-06-11T09:39:07,1900.0,28.4,S
2021-06-11T09:39:07,4300.0,28.4,S
2021-06-11T09:38:59,100.0,28.45,S
2021-06-11T09:38:54,1300.0,28.45,S
2021-06-11T09:38:32,300.0,28.5,B
2021-06-11T09:38:24,900.0,28.5,B
2021-06-11T09:38:23,1000.0,28.5,B
2021-06-11T09:38:23,3100.0,28.5,B
2021-06-11T09:38:10,200.0,28.5,B
2021-06-11T09:37:48,100.0,28.5,B
2021-06-11T09:37:43,300.0,28.45,S
2021-06-11T09:37:43,200.0,28.45,S
2021-06-11T09:37:35,5000.0,28.5,B
2021-06-11T09:37:29,500.0,28.5,B
2021-06-11T09:37:01,200.0,28.5,B
2021-06-11T09:36:57,800.0,28.45,S
2021-06-11T09:36:50,200.0,28.5,B
2021-06-11T09:36:49,3000.0,28.45,S
2021-06-11T09:36:44,100.0,28.5,B
2021-06-11T09:36:32,500.0,28.5,S
2021-06-11T09:36:29,600.0,28.5,S
2021-06-11T09:36:29,500.0,28.5,S
2021-06-11T09:36:29,3000.0,28.5,S
2021-06-11T09:36:29,12300.0,28.5,S
2021-06-11T09:36:29,2500.0,28.5,S
2021-06-11T09:36:29,4300.0,28.5,S
2021-06-11T09:36:29,2100.0,28.5,S
2021-06-11T09:36:29,400.0,28.5,S
2021-06-11T09:36:29,2100.0,28.5,S
2021-06-11T09:36:29,500.0,28.5,S
2021-06-11T09:36:29,400.0,28.5,S
2021-06-11T09:36:29,1000.0,28.5,S
2021-06-11T09:36:29,100.0,28.5,S
2021-06-11T09:36:29,1100.0,28.5,S
2021-06-11T09:36:29,3400.0,28.5,S
2021-06-11T09:36:29,800.0,28.5,S
2021-06-11T09:36:28,10200.0,28.5,S
2021-06-11T09:35:46,100.0,28.55,S
2021-06-11T09:35:34,500.0,28.55,S
2021-06-11T09:35:30,800.0,28.55,S
2021-06-11T09:35:29,1000.0,28.55,S
2021-06-11T09:35:23,300.0,28.55,S
2021-06-11T09:35:19,500.0,28.55,S
2021-06-11T09:35:14,3100.0,28.55,S
2021-06-11T09:35:13,1000.0,28.55,S
2021-06-11T09:35:09,5000.0,28.55,S
2021-06-11T09:35:06,3300.0,28.55,S
2021-06-11T09:34:59,200.0,28.55,S
2021-06-11T09:34:57,200.0,28.55,S
2021-06-11T09:34:54,200.0,28.6,B
2021-06-11T09:34:49,2000.0,28.55,S
2021-06-11T09:34:48,500.0,28.55,S
2021-06-11T09:34:32,800.0,28.55,S
2021-06-11T09:34:32,400.0,28.55,S
2021-06-11T09:34:27,1000.0,28.55,S
2021-06-11T09:34:22,2900.0,28.55,S
2021-06-11T09:34:18,200.0,28.55,S
2021-06-11T09:34:15,200.0,28.55,S
2021-06-11T09:34:07,900.0,28.55,S
2021-06-11T09:33:56,1000.0,28.55,S
2021-06-11T09:33:39,100.0,28.6,B
2021-06-11T09:33:32,1000.0,28.55,S
2021-06-11T09:33:04,100.0,28.6,S
2021-06-11T09:32:49,2000.0,28.55,S
2021-06-11T09:32:47,1200.0,28.6,S
2021-06-11T09:32:46,200.0,28.6,S
2021-06-11T09:32:37,4300.0,28.6,S
2021-06-11T09:32:37,200.0,28.6,S
2021-06-11T09:32:37,1500.0,28.6,S
2021-06-11T09:32:31,500.0,28.6,S
2021-06-11T09:32:30,5000.0,28.6,S
2021-06-11T09:32:12,200.0,28.6,S
2021-06-11T09:32:12,800.0,28.6,S
2021-06-11T09:32:08,600.0,28.65,S
2021-06-11T09:32:08,4000.0,28.65,S
2021-06-11T09:32:04,3000.0,28.65,S
2021-06-11T09:31:58,2000.0,28.65,S
2021-06-11T09:31:48,2000.0,28.65,S
2021-06-11T09:31:45,15000.0,28.65,S
2021-06-11T09:31:36,100.0,28.65,S
2021-06-11T09:31:29,600.0,28.65,S
2021-06-11T09:31:07,500.0,28.65,S
2021-06-11T09:31:05,5000.0,28.65,S
2021-06-11T09:30:52,1000.0,28.65,S
2021-06-11T09:30:29,1000.0,28.6,S
2021-06-11T09:30:19,100.0,28.7,B
2021-06-11T09:30:09,500.0,28.7,B
2021-06-11T09:29:51,1000.0,28.7,B
2021-06-11T09:29:39,200.0,28.7,S
2021-06-11T09:29:36,19400.0,28.7,S
2021-06-11T09:29:31,11000.0,28.7,S
2021-06-11T09:29:26,1400.0,28.7,S
2021-06-11T09:29:12,1800.0,28.7,S
2021-06-11T09:29:11,100.0,28.8,B
2021-06-11T09:29:11,500.0,28.8,B
2021-06-11T09:29:10,2000.0,28.8,B
2021-06-11T09:29:04,200.0,28.75,S
2021-06-11T09:29:03,4000.0,28.7,S
2021-06-11T09:29:00,8000.0,28.7,S
2021-06-11T09:28:51,100.0,28.8,B
2021-06-11T09:28:48,8500.0,28.75,S
2021-06-11T09:28:40,1500.0,28.7,S
2021-06-11T09:28:27,100.0,28.75,S
2021-06-11T09:28:27,2000.0,28.8,B
2021-06-11T09:28:19,500.0,28.75,S
2021-06-11T09:28:14,2000.0,28.75,S
2021-06-11T09:28:14,500.0,28.8,B
2021-06-11T09:28:08,100.0,28.8,B
2021-06-11T09:28:07,100.0,28.75,S
2021-06-11T09:28:03,3000.0,28.75,S
2021-06-11T09:27:59,1000.0,28.75,S
2021-06-11T09:27:49,100.0,28.75,S
2021-06-11T09:27:46,200.0,28.75,S
2021-06-11T09:27:26,300.0,28.8,B
2021-06-11T09:27:24,200.0,28.8,B
2021-06-11T09:27:22,1000.0,28.8,B
2021-06-11T09:27:15,100.0,28.7,S
2021-06-11T09:27:05,100.0,28.7,S
2021-06-11T09:26:46,5000.0,28.8,B
2021-06-11T09:26:40,2000.0,28.8,B
2021-06-11T09:26:33,100.0,28.7,S
2021-06-11T09:26:28,1000.0,28.7,S
2021-06-11T09:26:23,500.0,28.7,S
2021-06-11T09:26:13,1000.0,28.8,B
2021-06-11T09:26:05,5000.0,28.7,S
2021-06-11T09:25:53,100.0,28.8,B
2021-06-11T09:25:45,500.0,28.7,S
2021-06-11T09:25:41,100.0,28.7,S
2021-06-11T09:25:21,400.0,28.8,B
2021-06-11T09:25:18,9700.0,28.8,B
2021-06-11T09:25:18,2300.0,28.8,B
2021-06-11T09:25:16,5000.0,28.8,B
2021-06-11T09:25:15,2000.0,28.8,B
2021-06-11T09:25:11,3000.0,28.7,S
2021-06-11T09:25:04,10000.0,28.8,B
2021-06-11T09:24:39,100.0,28.8,B
2021-06-11T09:24:35,2000.0,28.7,S
2021-06-11T09:24:31,100.0,28.8,B
2021-06-11T09:24:29,1000.0,28.7,S
2021-06-11T09:24:19,600.0,28.8,B
2021-06-11T09:24:06,300.0,28.8,B
2021-06-11T09:24:03,7200.0,28.8,B
2021-06-11T09:24:03,1500.0,28.8,B
2021-06-11T09:24:02,1300.0,28.8,B
2021-06-11T09:24:02,1100.0,28.8,B
2021-06-11T09:23:56,100.0,28.7,S
2021-06-11T09:23:54,100.0,28.8,B
2021-06-11T09:23:52,1000.0,28.7,S
2021-06-11T09:23:46,1400.0,28.7,S
2021-06-11T09:23:46,300.0,28.7,S
2021-06-11T09:23:42,5000.0,28.7,S
2021-06-11T09:23:35,200.0,28.8,B
2021-06-11T09:23:20,1000.0,28.8,B
2021-06-11T09:23:12,1000.0,28.8,B
2021-06-11T09:23:08,300.0,28.8,B
2021-06-11T09:23:08,1800.0,28.8,B
2021-06-11T09:23:08,400.0,28.8,B
2021-06-11T09:23:00,600.0,28.75,S
2021-06-11T09:22:55,1000.0,28.8,B
2021-06-11T09:22:51,8000.0,28.8,B
2021-06-11T09:22:30,500.0,28.75,S
2021-06-11T09:22:01,600.0,28.8,B
2021-06-11T09:22:01,400.0,28.8,B
2021-06-11T09:21:59,500.0,28.8,B
2021-06-11T09:21:54,700.0,28.8,B
2021-06-11T09:21:27,4000.0,28.8,S
2021-06-11T09:21:21,1400.0,28.8,S
2021-06-11T09:21:18,600.0,28.8,S
2021-06-11T09:21:16,400.0,28.8,S
2021-06-11T09:21:14,200.0,28.8,S
2021-06-11T09:21:06,100.0,28.8,S
2021-06-11T09:21:05,300.0,28.8,S
2021-06-11T09:21:04,500.0,28.8,S
2021-06-11T09:21:02,11000.0,28.85,B
2021-06-11T09:21:00,5000.0,28.8,S
2021-06-11T09:20:50,5000.0,28.8,S
2021-06-11T09:20:43,1000.0,28.8,S
2021-06-11T09:20:39,5200.0,28.8,S
2021-06-11T09:20:33,2000.0,28.8,S
2021-06-11T09:20:20,300.0,28.8,B
2021-06-11T09:20:14,500.0,28.8,B
2021-06-11T09:20:12,3000.0,28.8,B
2021-06-11T09:20:01,200.0,28.7,S
2021-06-11T09:19:48,5000.0,28.7,B
2021-06-11T09:19:45,800.0,28.8,B
2021-06-11T09:19:45,4200.0,28.7,B
2021-06-11T09:19:35,100.0,28.6,S
2021-06-11T09:19:35,4900.0,28.6,S
2021-06-11T09:19:35,300.0,28.6,S
2021-06-11T09:19:32,1500.0,28.7,B
2021-06-11T09:19:13,100.0,28.7,S
2021-06-11T09:19:11,4700.0,28.7,S
2021-06-11T09:19:09,300.0,28.8,B
2021-06-11T09:19:02,6000.0,28.8,B
2021-06-11T09:19:02,100.0,28.8,B
2021-06-11T09:19:00,100.0,28.8,B
2021-06-11T09:19:00,700.0,28.8,B
2021-06-11T09:19:00,3100.0,28.8,B
2021-06-11T09:18:55,400.0,28.8,B
2021-06-11T09:18:35,500.0,28.8,B
2021-06-11T09:18:29,200.0,28.8,B
2021-06-11T09:18:05,300.0,28.6,S
2021-06-11T09:17:55,300.0,28.8,B
2021-06-11T09:17:52,1500.0,28.6,S
2021-06-11T09:17:42,5500.0,28.8,S
2021-06-11T09:17:37,200.0,28.8,S
2021-06-11T09:17:26,1000.0,28.8,S
2021-06-11T09:17:26,10000.0,28.8,S
2021-06-11T09:17:23,300.0,28.85,B
2021-06-11T09:17:16,100.0,28.85,B
2021-06-11T09:17:13,900.0,28.8,S
2021-06-11T09:16:58,11600.0,28.8,B
2021-06-11T09:16:34,4000.0,28.8,B
2021-06-11T09:16:23,100.0,28.5,S
2021-06-11T09:16:22,1900.0,28.5,S
2021-06-11T09:15:34,300.0,28.5,S
