tradingTime,volume,price,side
2021-06-11T14:30:42,100.0,42.05,B
2021-06-11T14:30:37,100.0,42.05,B
2021-06-11T14:30:37,2100.0,42.05,B
2021-06-11T14:29:42,100.0,42.05,B
2021-06-11T14:29:21,800.0,42.05,B
2021-06-11T14:28:43,1700.0,42.05,B
2021-06-11T14:27:12,1000.0,42.0,B
2021-06-11T14:26:55,1500.0,42.0,B
2021-06-11T14:23:14,500.0,42.05,B
2021-06-11T14:22:08,1000.0,42.0,B
2021-06-11T14:21:52,500.0,42.0,B
2021-06-11T14:21:42,1000.0,42.0,B
2021-06-11T14:21:32,200.0,42.0,B
2021-06-11T14:21:10,3900.0,42.0,B
2021-06-11T14:21:10,2400.0,42.0,B
2021-06-11T14:21:10,1400.0,42.0,B
2021-06-11T14:21:10,800.0,42.0,B
2021-06-11T14:21:08,1500.0,42.0,B
2021-06-11T14:20:53,300.0,42.0,B
2021-06-11T14:19:36,100.0,42.0,B
2021-06-11T14:19:20,5000.0,41.95,S
2021-06-11T14:19:17,200.0,41.95,S
2021-06-11T14:17:53,1000.0,42.0,B
2021-06-11T14:16:44,3200.0,41.95,S
2021-06-11T14:16:44,6800.0,41.95,S
2021-06-11T14:16:26,2000.0,42.0,B
2021-06-11T14:15:50,500.0,42.0,B
2021-06-11T14:14:52,1800.0,42.0,B
2021-06-11T14:14:52,8200.0,42.0,B
2021-06-11T14:14:08,200.0,42.0,B
2021-06-11T14:12:10,300.0,42.0,S
2021-06-11T14:11:50,1000.0,42.0,S
2021-06-11T14:10:50,200.0,42.0,S
2021-06-11T14:10:45,8600.0,42.0,S
2021-06-11T14:10:32,200.0,42.0,S
2021-06-11T14:10:31,3000.0,42.0,S
2021-06-11T14:09:50,400.0,42.0,S
2021-06-11T14:09:03,100.0,42.0,S
2021-06-11T14:08:34,900.0,42.0,S
2021-06-11T14:08:23,100.0,42.0,S
2021-06-11T14:08:11,4600.0,42.0,S
2021-06-11T14:08:01,100.0,42.0,S
2021-06-11T14:07:57,1000.0,42.0,S
2021-06-11T14:07:33,10000.0,42.0,S
2021-06-11T14:07:32,100.0,42.0,S
2021-06-11T14:07:20,500.0,42.0,S
2021-06-11T14:06:24,500.0,42.05,B
2021-06-11T14:06:02,18700.0,42.0,S
2021-06-11T14:06:02,21300.0,42.0,S
2021-06-11T14:05:44,400.0,42.05,B
2021-06-11T14:05:29,3000.0,42.0,S
2021-06-11T14:04:54,1000.0,42.0,S
2021-06-11T14:04:50,1000.0,42.0,S
2021-06-11T14:04:49,100.0,42.0,S
2021-06-11T14:03:57,10000.0,42.0,S
2021-06-11T14:03:20,4400.0,42.0,B
2021-06-11T14:02:46,600.0,42.0,S
2021-06-11T14:02:00,5000.0,42.0,S
2021-06-11T14:01:21,5000.0,42.0,S
2021-06-11T14:00:59,500.0,42.0,S
2021-06-11T14:00:50,2500.0,42.05,B
2021-06-11T14:00:12,1100.0,42.05,S
2021-06-11T13:58:32,500.0,42.05,S
2021-06-11T13:58:32,100.0,42.05,S
2021-06-11T13:57:10,800.0,42.05,S
2021-06-11T13:56:54,500.0,42.05,B
2021-06-11T13:56:18,100.0,42.0,S
2021-06-11T13:56:01,3700.0,42.0,B
2021-06-11T13:55:33,5000.0,41.95,B
2021-06-11T13:54:59,1000.0,41.9,B
2021-06-11T13:54:57,3100.0,41.9,B
2021-06-11T13:54:27,200.0,41.9,B
2021-06-11T13:53:48,100.0,41.9,B
2021-06-11T13:52:43,5000.0,41.9,B
2021-06-11T13:51:53,500.0,41.75,S
2021-06-11T13:51:29,1000.0,41.75,S
2021-06-11T13:51:19,4000.0,41.8,B
2021-06-11T13:51:02,100.0,41.75,S
2021-06-11T13:51:02,900.0,41.75,S
2021-06-11T13:50:49,1500.0,41.75,S
2021-06-11T13:50:05,100.0,41.8,B
2021-06-11T13:48:53,100.0,41.8,B
2021-06-11T13:48:50,1500.0,41.8,B
2021-06-11T13:48:19,400.0,41.8,S
2021-06-11T13:48:16,4600.0,41.8,S
2021-06-11T13:48:16,400.0,41.8,S
2021-06-11T13:48:13,100.0,41.85,B
2021-06-11T13:48:12,400.0,41.85,B
2021-06-11T13:47:53,100.0,41.85,B
2021-06-11T13:47:24,200.0,41.85,B
2021-06-11T13:47:18,2000.0,41.8,S
2021-06-11T13:46:27,1000.0,41.85,B
2021-06-11T13:46:13,500.0,41.85,B
2021-06-11T13:45:30,100.0,41.85,B
2021-06-11T13:43:30,100.0,41.8,S
2021-06-11T13:43:00,1500.0,41.8,S
2021-06-11T13:42:39,4000.0,41.8,S
2021-06-11T13:42:30,500.0,41.85,B
2021-06-11T13:42:14,1100.0,41.8,S
2021-06-11T13:42:14,4200.0,41.8,S
2021-06-11T13:42:04,300.0,41.8,S
2021-06-11T13:41:38,500.0,41.8,S
2021-06-11T13:41:03,500.0,41.85,S
2021-06-11T13:40:49,100.0,41.85,S
2021-06-11T13:40:44,200.0,41.85,S
2021-06-11T13:40:38,3900.0,41.85,S
2021-06-11T13:39:48,1500.0,41.85,S
2021-06-11T13:39:27,200.0,41.9,S
2021-06-11T13:39:19,5200.0,41.9,S
2021-06-11T13:39:13,200.0,41.95,S
2021-06-11T13:38:50,1000.0,41.95,S
2021-06-11T13:36:41,100.0,42.0,S
2021-06-11T13:36:41,1000.0,42.0,S
2021-06-11T13:36:41,4200.0,42.0,S
2021-06-11T13:36:41,500.0,42.0,S
2021-06-11T13:36:40,21600.0,42.0,S
2021-06-11T13:36:14,10000.0,42.0,S
2021-06-11T13:35:53,13500.0,42.0,S
2021-06-11T13:35:03,500.0,42.1,S
2021-06-11T13:34:40,1800.0,42.1,S
2021-06-11T13:33:59,600.0,42.1,S
2021-06-11T13:33:52,500.0,42.1,S
2021-06-11T13:33:42,100.0,42.1,S
2021-06-11T13:33:34,1000.0,42.1,S
2021-06-11T13:33:17,200.0,42.1,S
2021-06-11T13:33:15,800.0,42.1,S
2021-06-11T13:32:27,500.0,42.1,S
2021-06-11T13:32:26,300.0,42.1,S
2021-06-11T13:32:18,1000.0,42.1,S
2021-06-11T13:31:49,500.0,42.1,S
2021-06-11T13:31:47,1000.0,42.1,S
2021-06-11T13:30:54,200.0,42.1,S
2021-06-11T13:30:52,3000.0,42.1,S
2021-06-11T13:30:28,900.0,42.1,S
2021-06-11T13:30:07,1000.0,42.1,S
2021-06-11T13:29:47,700.0,42.1,S
2021-06-11T13:29:45,100.0,42.1,S
2021-06-11T13:29:20,1400.0,42.1,S
2021-06-11T13:29:20,200.0,42.1,S
2021-06-11T13:29:20,1400.0,42.1,S
2021-06-11T13:29:07,100.0,42.15,S
2021-06-11T13:28:41,1400.0,42.15,S
2021-06-11T13:28:09,100.0,42.15,S
2021-06-11T13:28:09,3600.0,42.2,S
2021-06-11T13:27:45,2000.0,42.2,S
2021-06-11T13:27:08,400.0,42.2,S
2021-06-11T13:26:41,13700.0,42.2,S
2021-06-11T13:26:41,1000.0,42.2,S
2021-06-11T13:26:41,2700.0,42.2,S
2021-06-11T13:26:41,2600.0,42.2,S
2021-06-11T13:26:40,2000.0,42.3,B
2021-06-11T13:26:15,1200.0,42.3,S
2021-06-11T13:25:02,2300.0,42.3,S
2021-06-11T13:24:38,1000.0,42.3,S
2021-06-11T13:24:29,100.0,42.3,S
2021-06-11T13:24:01,3000.0,42.3,S
2021-06-11T13:24:01,2300.0,42.3,S
2021-06-11T13:24:01,4400.0,42.3,S
2021-06-11T13:24:01,10300.0,42.3,S
2021-06-11T13:22:41,2000.0,42.3,S
2021-06-11T13:22:03,1000.0,42.3,B
2021-06-11T13:21:42,500.0,42.3,B
2021-06-11T13:21:32,100.0,42.3,B
2021-06-11T13:21:31,2000.0,42.3,B
2021-06-11T13:20:55,1000.0,42.3,B
2021-06-11T13:20:33,200.0,42.3,B
2021-06-11T13:20:26,5000.0,42.3,B
2021-06-11T13:20:05,1000.0,42.3,B
2021-06-11T13:19:58,6900.0,42.3,B
2021-06-11T13:19:47,1000.0,42.2,S
2021-06-11T13:19:41,2000.0,42.3,B
2021-06-11T13:19:19,900.0,42.3,B
2021-06-11T13:19:10,10000.0,42.2,S
2021-06-11T13:17:46,100.0,42.25,S
2021-06-11T13:16:57,200.0,42.2,S
2021-06-11T13:16:51,200.0,42.4,B
2021-06-11T13:16:01,2100.0,42.4,B
2021-06-11T13:15:42,400.0,42.4,B
2021-06-11T13:15:03,5000.0,42.4,B
2021-06-11T13:13:58,100.0,42.4,S
2021-06-11T13:13:25,200.0,42.4,S
2021-06-11T13:12:55,5000.0,42.2,S
2021-06-11T13:12:53,5000.0,42.5,B
2021-06-11T13:12:13,100.0,42.4,S
2021-06-11T13:12:09,1000.0,42.5,B
2021-06-11T13:12:08,1000.0,42.4,S
2021-06-11T13:12:08,3400.0,42.5,B
2021-06-11T13:12:07,2100.0,42.5,B
2021-06-11T13:08:37,800.0,42.5,B
2021-06-11T13:08:16,10000.0,42.4,S
2021-06-11T13:08:04,800.0,42.5,B
2021-06-11T13:07:43,500.0,42.5,B
2021-06-11T13:06:44,800.0,42.5,B
2021-06-11T13:06:28,1500.0,42.5,B
2021-06-11T13:06:28,400.0,42.5,B
2021-06-11T13:06:28,300.0,42.5,B
2021-06-11T13:04:50,7000.0,42.5,B
2021-06-11T11:30:12,200.0,42.45,B
2021-06-11T11:29:58,5400.0,42.45,B
2021-06-11T11:29:58,400.0,42.4,B
2021-06-11T11:29:58,3000.0,42.35,B
2021-06-11T11:29:58,1100.0,42.2,B
2021-06-11T11:29:57,100.0,42.2,B
2021-06-11T11:28:55,500.0,42.15,S
2021-06-11T11:27:59,1200.0,42.1,B
2021-06-11T11:27:49,2000.0,42.1,B
2021-06-11T11:26:32,1000.0,42.1,B
2021-06-11T11:26:04,800.0,42.1,B
2021-06-11T11:25:44,700.0,42.1,B
2021-06-11T11:24:41,5000.0,42.1,B
2021-06-11T11:24:27,200.0,42.0,S
2021-06-11T11:24:24,1000.0,42.0,S
2021-06-11T11:23:22,500.0,42.0,B
2021-06-11T11:23:18,100.0,42.0,B
2021-06-11T11:23:18,1000.0,42.0,B
2021-06-11T11:23:18,2000.0,42.0,B
2021-06-11T11:23:05,800.0,41.95,S
2021-06-11T11:22:42,2500.0,42.0,B
2021-06-11T11:22:37,1000.0,42.0,B
2021-06-11T11:22:11,500.0,42.0,B
2021-06-11T11:22:07,200.0,42.0,B
2021-06-11T11:21:28,1000.0,42.0,B
2021-06-11T11:20:46,1500.0,41.95,B
2021-06-11T11:20:42,100.0,41.95,B
2021-06-11T11:19:17,400.0,41.95,S
2021-06-11T11:18:10,3000.0,42.0,B
2021-06-11T11:17:06,200.0,41.9,S
2021-06-11T11:16:34,5000.0,41.9,S
2021-06-11T11:15:58,200.0,42.0,B
2021-06-11T11:15:52,3000.0,41.95,S
2021-06-11T11:15:24,3400.0,42.0,S
2021-06-11T11:15:22,100.0,42.0,S
2021-06-11T11:14:44,500.0,42.0,S
2021-06-11T11:14:30,5800.0,41.95,S
2021-06-11T11:14:14,1500.0,42.0,B
2021-06-11T11:13:47,300.0,42.0,B
2021-06-11T11:13:07,200.0,42.0,B
2021-06-11T11:12:50,100.0,41.9,B
2021-06-11T11:12:41,500.0,41.9,S
2021-06-11T11:12:32,1000.0,42.0,B
2021-06-11T11:11:08,300.0,41.95,S
2021-06-11T11:11:08,200.0,41.95,S
2021-06-11T11:10:32,1800.0,41.95,B
2021-06-11T11:10:26,700.0,41.95,B
2021-06-11T11:10:17,600.0,41.95,B
2021-06-11T11:10:13,200.0,41.9,S
2021-06-11T11:08:30,300.0,41.8,S
2021-06-11T11:08:08,500.0,41.8,B
2021-06-11T11:07:44,200.0,41.75,S
2021-06-11T11:07:05,500.0,41.8,S
2021-06-11T11:06:39,200.0,41.8,S
2021-06-11T11:06:34,100.0,41.8,S
2021-06-11T11:06:34,4100.0,41.8,S
2021-06-11T11:05:29,1000.0,41.8,S
2021-06-11T11:05:19,500.0,41.8,S
2021-06-11T11:05:07,500.0,41.8,S
2021-06-11T11:04:55,300.0,41.8,S
2021-06-11T11:04:03,400.0,41.8,S
2021-06-11T11:03:51,1000.0,41.8,S
2021-06-11T11:03:37,10000.0,41.8,S
2021-06-11T11:02:45,100.0,42.0,B
2021-06-11T11:02:25,4900.0,42.0,S
2021-06-11T11:02:24,200.0,42.0,S
2021-06-11T11:02:19,100.0,42.0,S
2021-06-11T11:02:07,4500.0,42.0,S
2021-06-11T11:02:07,500.0,42.0,S
2021-06-11T11:02:04,100.0,42.0,S
2021-06-11T11:01:38,500.0,42.0,S
2021-06-11T11:01:05,200.0,42.2,S
2021-06-11T11:00:55,100.0,42.2,S
2021-06-11T11:00:53,200.0,42.2,S
2021-06-11T11:00:40,72100.0,42.2,S
2021-06-11T11:00:34,100.0,42.25,S
2021-06-11T10:59:53,200.0,42.3,S
2021-06-11T10:59:52,1500.0,42.3,S
2021-06-11T10:59:35,1300.0,42.3,S
2021-06-11T10:59:34,700.0,42.3,S
2021-06-11T10:59:21,1000.0,42.3,S
2021-06-11T10:58:36,2000.0,42.35,S
2021-06-11T10:57:28,100.0,42.4,S
2021-06-11T10:57:25,1000.0,42.4,S
2021-06-11T10:57:19,1900.0,42.4,S
2021-06-11T10:57:19,1900.0,42.4,S
2021-06-11T10:56:46,100.0,42.45,B
2021-06-11T10:55:51,3300.0,42.45,S
2021-06-11T10:55:19,100.0,42.5,B
2021-06-11T10:55:08,500.0,42.45,S
2021-06-11T10:54:56,700.0,42.45,S
2021-06-11T10:54:34,700.0,42.45,S
2021-06-11T10:54:17,300.0,42.45,S
2021-06-11T10:54:14,500.0,42.45,S
2021-06-11T10:54:12,1000.0,42.45,S
2021-06-11T10:54:00,100.0,42.45,S
2021-06-11T10:53:01,1000.0,42.45,S
2021-06-11T10:53:00,1000.0,42.45,S
2021-06-11T10:52:20,200.0,42.5,S
2021-06-11T10:52:19,3800.0,42.5,S
2021-06-11T10:51:56,1800.0,42.5,B
2021-06-11T10:51:53,200.0,42.5,B
2021-06-11T10:51:32,300.0,42.5,B
2021-06-11T10:51:25,900.0,42.45,S
2021-06-11T10:49:54,300.0,42.5,B
2021-06-11T10:49:41,300.0,42.5,B
2021-06-11T10:49:18,300.0,42.5,B
2021-06-11T10:49:06,300.0,42.5,B
2021-06-11T10:48:53,300.0,42.5,S
2021-06-11T10:48:40,300.0,42.6,B
2021-06-11T10:48:40,900.0,42.6,B
2021-06-11T10:48:29,500.0,42.6,B
2021-06-11T10:48:23,400.0,42.6,B
2021-06-11T10:48:14,500.0,42.6,B
2021-06-11T10:48:03,700.0,42.6,B
2021-06-11T10:47:59,3200.0,42.45,S
2021-06-11T10:47:59,6800.0,42.5,S
2021-06-11T10:47:55,400.0,42.6,B
2021-06-11T10:47:55,200.0,42.6,B
2021-06-11T10:47:55,500.0,42.55,B
2021-06-11T10:47:55,100.0,42.55,B
2021-06-11T10:47:52,2000.0,42.5,S
2021-06-11T10:47:28,9500.0,42.5,S
2021-06-11T10:47:28,6600.0,42.5,S
2021-06-11T10:47:28,3900.0,42.5,S
2021-06-11T10:47:26,500.0,42.55,S
2021-06-11T10:47:17,2400.0,42.55,S
2021-06-11T10:45:57,1100.0,42.55,S
2021-06-11T10:45:56,100.0,42.55,S
2021-06-11T10:44:31,200.0,42.55,S
2021-06-11T10:44:19,100.0,42.6,B
2021-06-11T10:44:13,100.0,42.55,S
2021-06-11T10:43:24,100.0,42.6,B
2021-06-11T10:43:24,200.0,42.55,S
2021-06-11T10:43:14,200.0,42.6,B
2021-06-11T10:41:36,500.0,42.6,B
2021-06-11T10:41:16,1000.0,42.6,S
2021-06-11T10:41:13,200.0,42.6,S
2021-06-11T10:41:06,1900.0,42.7,B
2021-06-11T10:40:42,100.0,42.7,B
2021-06-11T10:40:26,1000.0,42.7,B
2021-06-11T10:40:20,3000.0,42.7,B
2021-06-11T10:40:07,100.0,42.7,B
2021-06-11T10:40:05,500.0,42.6,S
2021-06-11T10:39:16,500.0,42.6,S
2021-06-11T10:38:47,2600.0,42.7,B
2021-06-11T10:38:31,100.0,42.65,B
2021-06-11T10:38:18,3000.0,42.65,B
2021-06-11T10:37:29,100.0,42.65,B
2021-06-11T10:37:07,300.0,42.65,B
2021-06-11T10:36:51,5000.0,42.65,B
2021-06-11T10:36:51,1600.0,42.6,B
2021-06-11T10:36:48,200.0,42.6,B
2021-06-11T10:36:16,200.0,42.6,B
2021-06-11T10:36:06,500.0,42.55,B
2021-06-11T10:36:00,300.0,42.6,B
2021-06-11T10:35:46,100.0,42.55,B
2021-06-11T10:35:41,200.0,42.55,B
2021-06-11T10:35:06,100.0,42.55,B
2021-06-11T10:34:35,100.0,42.55,B
2021-06-11T10:33:44,100.0,42.5,B
2021-06-11T10:33:43,700.0,42.5,B
2021-06-11T10:33:07,200.0,42.5,B
2021-06-11T10:32:54,100.0,42.5,B
2021-06-11T10:32:52,700.0,42.5,B
2021-06-11T10:32:52,100.0,42.5,B
2021-06-11T10:32:52,1300.0,42.5,B
2021-06-11T10:32:49,1000.0,42.5,B
2021-06-11T10:32:43,100.0,42.45,S
2021-06-11T10:32:36,1200.0,42.5,B
2021-06-11T10:32:30,200.0,42.5,B
2021-06-11T10:32:13,4000.0,42.5,B
2021-06-11T10:32:12,100.0,42.45,B
2021-06-11T10:31:55,1000.0,42.45,B
2021-06-11T10:31:20,2100.0,42.45,S
2021-06-11T10:31:12,700.0,42.5,B
2021-06-11T10:31:11,200.0,42.5,B
2021-06-11T10:31:11,400.0,42.5,B
2021-06-11T10:31:11,200.0,42.5,B
2021-06-11T10:31:11,200.0,42.5,B
2021-06-11T10:31:11,600.0,42.5,B
2021-06-11T10:31:11,21500.0,42.5,B
2021-06-11T10:31:11,6900.0,42.5,B
2021-06-11T10:30:27,400.0,42.5,B
2021-06-11T10:30:01,200.0,42.5,B
2021-06-11T10:29:40,2700.0,42.4,B
2021-06-11T10:29:13,1000.0,42.4,B
2021-06-11T10:28:54,1800.0,42.4,B
2021-06-11T10:28:36,1000.0,42.4,B
2021-06-11T10:28:11,100.0,42.35,S
2021-06-11T10:28:09,100.0,42.35,S
2021-06-11T10:27:47,500.0,42.35,S
2021-06-11T10:27:30,1300.0,42.35,B
2021-06-11T10:27:16,1000.0,42.3,S
2021-06-11T10:26:44,400.0,42.35,B
2021-06-11T10:26:18,400.0,42.35,B
2021-06-11T10:25:59,200.0,42.35,B
2021-06-11T10:25:54,400.0,42.35,B
2021-06-11T10:25:22,1000.0,42.35,B
2021-06-11T10:24:51,500.0,42.3,S
2021-06-11T10:24:39,100.0,42.3,S
2021-06-11T10:24:20,1500.0,42.3,B
2021-06-11T10:24:20,800.0,42.3,B
2021-06-11T10:24:07,1000.0,42.3,B
2021-06-11T10:24:07,200.0,42.3,B
2021-06-11T10:23:56,5000.0,42.3,B
2021-06-11T10:23:40,500.0,42.25,S
2021-06-11T10:23:36,400.0,42.25,S
2021-06-11T10:23:35,100.0,42.25,S
2021-06-11T10:22:51,300.0,42.25,S
2021-06-11T10:22:46,1000.0,42.25,S
2021-06-11T10:22:06,4000.0,42.25,S
2021-06-11T10:21:58,500.0,42.3,B
2021-06-11T10:21:15,100.0,42.25,B
2021-06-11T10:21:07,500.0,42.25,B
2021-06-11T10:20:49,2000.0,42.25,B
2021-06-11T10:20:48,1000.0,42.25,B
2021-06-11T10:20:44,500.0,42.2,S
2021-06-11T10:20:35,2000.0,42.25,B
2021-06-11T10:20:15,1000.0,42.2,S
2021-06-11T10:19:39,2000.0,42.2,S
2021-06-11T10:19:19,500.0,42.25,B
2021-06-11T10:18:38,2000.0,42.25,B
2021-06-11T10:17:20,2000.0,42.25,B
2021-06-11T10:17:09,100.0,42.2,S
2021-06-11T10:17:07,100.0,42.2,S
2021-06-11T10:17:02,300.0,42.2,S
2021-06-11T10:16:14,300.0,42.2,S
2021-06-11T10:15:52,1000.0,42.2,S
2021-06-11T10:15:41,200.0,42.2,S
2021-06-11T10:15:30,500.0,42.2,S
2021-06-11T10:14:46,6700.0,42.2,S
2021-06-11T10:14:04,500.0,42.2,S
2021-06-11T10:13:20,5400.0,42.2,B
2021-06-11T10:12:05,1000.0,42.0,S
2021-06-11T10:11:35,5100.0,42.2,S
2021-06-11T10:11:33,900.0,42.2,S
2021-06-11T10:10:59,2000.0,42.2,S
2021-06-11T10:10:56,100.0,42.2,S
2021-06-11T10:10:53,500.0,42.2,S
2021-06-11T10:10:51,4300.0,42.2,S
2021-06-11T10:10:42,200.0,42.2,S
2021-06-11T10:10:39,100.0,42.2,S
2021-06-11T10:10:38,800.0,42.2,S
2021-06-11T10:10:20,600.0,42.2,S
2021-06-11T10:10:10,1000.0,42.2,S
2021-06-11T10:09:35,1000.0,42.2,S
2021-06-11T10:09:10,500.0,42.2,S
2021-06-11T10:09:05,200.0,42.2,S
2021-06-11T10:08:55,500.0,42.2,S
2021-06-11T10:08:32,100.0,42.2,S
2021-06-11T10:08:31,4000.0,42.2,S
2021-06-11T10:08:28,700.0,42.25,B
2021-06-11T10:08:21,500.0,42.2,S
2021-06-11T10:08:12,500.0,42.2,S
2021-06-11T10:07:20,700.0,42.2,S
2021-06-11T10:07:00,500.0,42.2,S
2021-06-11T10:06:59,100.0,42.2,S
2021-06-11T10:06:53,3000.0,42.2,S
2021-06-11T10:06:49,200.0,42.2,B
2021-06-11T10:06:48,100.0,42.2,B
2021-06-11T10:06:44,200.0,42.2,B
2021-06-11T10:06:43,100.0,42.2,B
2021-06-11T10:06:43,1100.0,42.2,B
2021-06-11T10:06:42,1100.0,42.2,B
2021-06-11T10:06:42,12200.0,42.2,B
2021-06-11T10:06:35,500.0,42.0,S
2021-06-11T10:06:33,100.0,42.0,S
2021-06-11T10:06:31,3000.0,42.0,S
2021-06-11T10:05:36,100.0,42.0,S
2021-06-11T10:05:20,100.0,42.0,S
2021-06-11T10:04:41,500.0,42.0,S
2021-06-11T10:04:09,3000.0,42.0,S
2021-06-11T10:03:54,2000.0,42.2,S
2021-06-11T10:03:43,500.0,42.2,S
2021-06-11T10:03:40,400.0,42.2,S
2021-06-11T10:03:25,100.0,42.2,B
2021-06-11T10:03:12,200.0,42.2,B
2021-06-11T10:03:08,600.0,42.2,B
2021-06-11T10:03:08,1100.0,42.2,B
2021-06-11T10:03:08,4600.0,42.2,B
2021-06-11T10:03:08,200.0,42.2,B
2021-06-11T10:03:08,1100.0,42.2,B
2021-06-11T10:03:08,4500.0,42.2,B
2021-06-11T10:03:08,5500.0,42.2,B
2021-06-11T10:03:05,2000.0,42.0,S
2021-06-11T10:02:58,2000.0,42.0,S
2021-06-11T10:02:25,1000.0,42.1,B
2021-06-11T10:02:11,100.0,42.0,S
2021-06-11T10:01:48,500.0,42.0,S
2021-06-11T10:01:47,100.0,42.0,S
2021-06-11T10:01:37,2500.0,42.0,S
2021-06-11T10:01:36,600.0,42.0,S
2021-06-11T10:01:22,100.0,42.0,S
2021-06-11T10:01:20,1000.0,42.0,S
2021-06-11T10:01:10,3300.0,42.0,S
2021-06-11T10:01:08,200.0,42.0,S
2021-06-11T10:00:45,3000.0,42.0,S
2021-06-11T09:59:52,2100.0,42.1,S
2021-06-11T09:59:04,900.0,42.2,S
2021-06-11T09:58:55,1000.0,42.2,S
2021-06-11T09:58:43,1500.0,42.2,S
2021-06-11T09:58:39,1000.0,42.2,S
2021-06-11T09:58:31,100.0,42.2,S
2021-06-11T09:58:27,3000.0,42.2,S
2021-06-11T09:58:19,500.0,42.25,B
2021-06-11T09:58:13,500.0,42.2,S
2021-06-11T09:58:06,200.0,42.2,S
2021-06-11T09:58:05,100.0,42.2,S
2021-06-11T09:58:05,400.0,42.2,S
2021-06-11T09:57:59,600.0,42.2,S
2021-06-11T09:57:51,500.0,42.2,S
2021-06-11T09:57:49,400.0,42.2,S
2021-06-11T09:57:46,500.0,42.2,S
2021-06-11T09:57:44,2000.0,42.2,S
2021-06-11T09:57:38,500.0,42.2,S
2021-06-11T09:57:15,1200.0,42.2,S
2021-06-11T09:56:51,300.0,42.2,S
2021-06-11T09:56:35,3000.0,42.2,S
2021-06-11T09:56:35,7000.0,42.2,S
2021-06-11T09:56:34,500.0,42.2,S
2021-06-11T09:56:31,3000.0,42.2,S
2021-06-11T09:56:29,500.0,42.2,S
2021-06-11T09:56:25,100.0,42.2,S
2021-06-11T09:56:03,500.0,42.2,S
2021-06-11T09:56:01,200.0,42.2,S
2021-06-11T09:55:58,900.0,42.2,S
2021-06-11T09:55:57,1300.0,42.2,S
2021-06-11T09:55:49,500.0,42.2,S
2021-06-11T09:55:15,700.0,42.2,S
2021-06-11T09:55:14,600.0,42.25,B
2021-06-11T09:55:14,500.0,42.25,B
2021-06-11T09:55:13,400.0,42.2,S
2021-06-11T09:55:08,300.0,42.2,S
2021-06-11T09:54:52,1000.0,42.2,S
2021-06-11T09:54:36,100.0,42.2,S
2021-06-11T09:54:24,1000.0,42.2,B
2021-06-11T09:54:21,300.0,42.2,B
2021-06-11T09:54:18,1000.0,42.2,B
2021-06-11T09:54:18,500.0,42.2,B
2021-06-11T09:54:17,200.0,42.2,B
2021-06-11T09:54:10,19200.0,42.2,B
2021-06-11T09:53:43,2000.0,42.1,S
2021-06-11T09:53:32,100.0,42.1,S
2021-06-11T09:53:25,100.0,42.1,S
2021-06-11T09:53:12,200.0,42.1,S
2021-06-11T09:53:11,100.0,42.1,S
2021-06-11T09:52:54,300.0,42.1,S
2021-06-11T09:52:44,500.0,42.1,S
2021-06-11T09:52:38,400.0,42.1,S
2021-06-11T09:52:27,100.0,42.1,B
2021-06-11T09:52:21,200.0,42.1,B
2021-06-11T09:52:14,5200.0,42.2,B
2021-06-11T09:52:13,1000.0,42.1,B
2021-06-11T09:52:11,200.0,42.0,S
2021-06-11T09:51:34,200.0,42.1,S
2021-06-11T09:51:00,1000.0,42.2,B
2021-06-11T09:49:57,400.0,42.2,B
2021-06-11T09:49:41,800.0,42.2,S
2021-06-11T09:49:30,700.0,42.2,S
2021-06-11T09:49:21,2000.0,42.2,S
2021-06-11T09:49:11,100.0,42.2,S
2021-06-11T09:49:02,2000.0,42.2,S
2021-06-11T09:49:00,100.0,42.2,S
2021-06-11T09:48:59,2000.0,42.2,S
2021-06-11T09:48:50,100.0,42.2,S
2021-06-11T09:48:30,100.0,42.2,S
2021-06-11T09:48:22,600.0,42.25,S
2021-06-11T09:48:15,100.0,42.25,S
2021-06-11T09:48:11,300.0,42.25,S
2021-06-11T09:47:36,300.0,42.2,S
2021-06-11T09:47:25,500.0,42.2,S
2021-06-11T09:47:14,300.0,42.2,S
2021-06-11T09:46:56,1000.0,42.2,S
2021-06-11T09:46:51,300.0,42.2,S
2021-06-11T09:46:28,100.0,42.2,S
2021-06-11T09:46:22,700.0,42.3,B
2021-06-11T09:46:22,4300.0,42.3,B
2021-06-11T09:46:19,300.0,42.2,S
2021-06-11T09:46:17,100.0,42.2,S
2021-06-11T09:45:52,500.0,42.2,S
2021-06-11T09:45:46,1000.0,42.2,S
2021-06-11T09:45:39,300.0,42.2,B
2021-06-11T09:45:27,1000.0,42.2,B
2021-06-11T09:44:56,3700.0,42.2,B
2021-06-11T09:44:56,6300.0,42.2,B
2021-06-11T09:44:34,9800.0,42.2,B
2021-06-11T09:44:34,200.0,42.2,B
2021-06-11T09:43:35,500.0,42.2,B
2021-06-11T09:42:41,5000.0,42.0,S
2021-06-11T09:42:36,500.0,42.2,B
2021-06-11T09:42:36,500.0,42.2,B
2021-06-11T09:42:23,100.0,42.0,S
2021-06-11T09:42:21,200.0,42.0,S
2021-06-11T09:42:21,500.0,42.0,S
2021-06-11T09:42:10,100.0,42.0,S
2021-06-11T09:42:05,2000.0,42.25,B
2021-06-11T09:41:59,300.0,42.0,S
2021-06-11T09:41:56,100.0,42.0,S
2021-06-11T09:41:40,100.0,42.0,S
2021-06-11T09:41:23,100.0,42.0,S
2021-06-11T09:41:14,100.0,42.0,B
2021-06-11T09:41:09,800.0,42.0,B
2021-06-11T09:41:09,5500.0,42.0,B
2021-06-11T09:41:09,7000.0,42.0,B
2021-06-11T09:41:08,1500.0,42.0,B
2021-06-11T09:41:08,1000.0,42.0,B
2021-06-11T09:41:08,700.0,42.0,B
2021-06-11T09:41:08,1200.0,42.0,B
2021-06-11T09:41:08,700.0,42.0,B
2021-06-11T09:41:08,500.0,42.0,B
2021-06-11T09:41:08,500.0,42.0,B
2021-06-11T09:41:08,5200.0,42.0,B
2021-06-11T09:41:08,700.0,42.0,B
2021-06-11T09:41:08,1100.0,42.0,B
2021-06-11T09:41:08,10000.0,41.95,B
2021-06-11T09:41:08,7900.0,41.9,B
2021-06-11T09:41:08,2000.0,41.9,B
2021-06-11T09:41:08,3300.0,41.9,B
2021-06-11T09:41:08,500.0,41.9,B
2021-06-11T09:41:08,1200.0,41.9,B
2021-06-11T09:41:08,1000.0,41.8,B
2021-06-11T09:41:08,1800.0,41.8,B
2021-06-11T09:41:08,300.0,41.8,B
2021-06-11T09:41:08,700.0,41.7,B
2021-06-11T09:41:02,100.0,41.6,S
2021-06-11T09:40:39,2600.0,41.6,B
2021-06-11T09:40:37,900.0,41.6,B
2021-06-11T09:40:37,100.0,41.6,B
2021-06-11T09:40:36,3000.0,41.6,B
2021-06-11T09:40:23,300.0,41.5,S
2021-06-11T09:40:04,500.0,41.5,B
2021-06-11T09:39:59,1000.0,41.5,B
2021-06-11T09:39:45,100.0,41.5,B
2021-06-11T09:39:40,1000.0,41.5,B
2021-06-11T09:39:30,200.0,41.5,B
2021-06-11T09:39:30,100.0,41.5,B
2021-06-11T09:39:27,200.0,41.5,B
2021-06-11T09:38:46,100.0,41.5,B
2021-06-11T09:38:27,100.0,41.5,B
2021-06-11T09:38:22,1000.0,41.5,B
2021-06-11T09:38:18,1000.0,41.5,B
2021-06-11T09:37:58,1000.0,41.5,B
2021-06-11T09:37:39,1800.0,41.5,B
2021-06-11T09:37:23,100.0,41.5,B
2021-06-11T09:36:55,700.0,41.5,B
2021-06-11T09:36:47,100.0,41.4,S
2021-06-11T09:36:31,200.0,41.4,B
2021-06-11T09:36:28,1000.0,41.4,B
2021-06-11T09:36:20,3900.0,41.5,B
2021-06-11T09:36:20,6200.0,41.5,B
2021-06-11T09:36:20,1600.0,41.5,B
2021-06-11T09:36:20,500.0,41.45,B
2021-06-11T09:36:20,1800.0,41.45,B
2021-06-11T09:36:20,1000.0,41.45,B
2021-06-11T09:36:13,2100.0,41.4,B
2021-06-11T09:35:41,2000.0,41.4,B
2021-06-11T09:35:38,500.0,41.35,S
2021-06-11T09:35:27,10000.0,41.4,B
2021-06-11T09:35:10,2000.0,41.4,B
2021-06-11T09:35:05,300.0,41.35,S
2021-06-11T09:34:57,1000.0,41.4,B
2021-06-11T09:34:56,1000.0,41.35,S
2021-06-11T09:34:45,3000.0,41.4,B
2021-06-11T09:34:42,600.0,41.35,S
2021-06-11T09:34:40,10000.0,41.35,S
2021-06-11T09:34:39,100.0,41.4,B
2021-06-11T09:34:19,500.0,41.35,S
2021-06-11T09:34:14,1000.0,41.4,B
2021-06-11T09:34:14,1800.0,41.35,S
2021-06-11T09:34:12,1000.0,41.35,S
2021-06-11T09:33:58,500.0,41.35,S
2021-06-11T09:33:44,2000.0,41.35,S
2021-06-11T09:33:33,300.0,41.35,S
2021-06-11T09:33:24,100.0,41.35,S
2021-06-11T09:32:47,100.0,41.35,S
2021-06-11T09:32:28,3000.0,41.35,S
2021-06-11T09:32:20,500.0,41.35,S
2021-06-11T09:31:55,8400.0,41.4,S
2021-06-11T09:31:53,200.0,41.4,S
2021-06-11T09:31:49,2000.0,41.4,S
2021-06-11T09:31:40,500.0,41.4,S
2021-06-11T09:31:28,1000.0,41.4,S
2021-06-11T09:31:28,1100.0,41.4,S
2021-06-11T09:31:25,1500.0,41.4,S
2021-06-11T09:31:11,100.0,41.4,S
2021-06-11T09:30:49,2000.0,41.4,S
2021-06-11T09:30:46,5000.0,41.4,S
2021-06-11T09:30:43,1000.0,41.45,B
2021-06-11T09:30:13,500.0,41.45,S
2021-06-11T09:30:02,100.0,41.45,S
2021-06-11T09:30:02,500.0,41.45,S
2021-06-11T09:30:02,2400.0,41.45,S
2021-06-11T09:29:48,1500.0,41.45,S
2021-06-11T09:29:35,5000.0,41.45,S
2021-06-11T09:29:32,1000.0,41.45,S
2021-06-11T09:29:06,100.0,41.45,S
2021-06-11T09:28:57,500.0,41.5,S
2021-06-11T09:28:28,2300.0,41.5,S
2021-06-11T09:28:28,1000.0,41.5,S
2021-06-11T09:28:27,10000.0,41.5,S
2021-06-11T09:28:25,1100.0,41.6,B
2021-06-11T09:28:17,300.0,41.5,S
2021-06-11T09:28:09,5000.0,41.5,S
2021-06-11T09:28:03,1000.0,41.5,S
2021-06-11T09:27:49,100.0,41.5,S
2021-06-11T09:27:30,500.0,41.6,S
2021-06-11T09:27:20,800.0,41.5,S
2021-06-11T09:27:20,200.0,41.6,S
2021-06-11T09:27:14,100.0,41.6,S
2021-06-11T09:27:05,200.0,41.6,S
2021-06-11T09:27:04,2100.0,41.6,S
2021-06-11T09:26:58,1500.0,41.6,S
2021-06-11T09:26:51,500.0,41.6,S
2021-06-11T09:26:39,2000.0,41.6,S
2021-06-11T09:26:34,500.0,41.6,S
2021-06-11T09:26:04,3000.0,41.6,S
2021-06-11T09:26:01,100.0,41.8,B
2021-06-11T09:25:55,200.0,41.8,B
2021-06-11T09:25:53,8000.0,41.8,B
2021-06-11T09:25:28,200.0,41.8,S
2021-06-11T09:25:24,1000.0,41.8,S
2021-06-11T09:25:21,500.0,41.9,B
2021-06-11T09:24:50,500.0,41.8,S
2021-06-11T09:24:39,1000.0,41.8,S
2021-06-11T09:24:27,200.0,41.8,S
2021-06-11T09:24:27,300.0,41.8,S
2021-06-11T09:24:16,500.0,41.8,S
2021-06-11T09:23:54,1300.0,41.8,S
2021-06-11T09:23:21,800.0,41.9,B
2021-06-11T09:23:20,600.0,41.9,B
2021-06-11T09:23:20,200.0,41.9,B
2021-06-11T09:23:20,1100.0,41.9,B
2021-06-11T09:23:19,200.0,41.7,S
2021-06-11T09:23:17,4000.0,41.9,B
2021-06-11T09:23:07,200.0,41.8,S
2021-06-11T09:23:05,300.0,41.8,S
2021-06-11T09:22:51,8100.0,41.8,S
2021-06-11T09:22:45,200.0,41.9,B
2021-06-11T09:22:33,500.0,41.9,B
2021-06-11T09:22:33,2000.0,41.8,S
2021-06-11T09:22:22,1000.0,41.8,S
2021-06-11T09:22:12,300.0,41.8,B
2021-06-11T09:22:09,200.0,41.8,B
2021-06-11T09:22:04,100.0,41.8,B
2021-06-11T09:22:03,1100.0,41.8,B
2021-06-11T09:21:58,100.0,41.8,B
2021-06-11T09:21:51,100.0,41.8,B
2021-06-11T09:21:49,2200.0,41.8,B
2021-06-11T09:21:37,200.0,41.4,S
2021-06-11T09:21:35,1100.0,41.5,S
2021-06-11T09:21:27,100.0,41.5,S
2021-06-11T09:21:11,100.0,41.5,S
2021-06-11T09:21:01,10000.0,41.5,S
2021-06-11T09:20:57,11000.0,41.5,S
2021-06-11T09:20:49,500.0,41.5,S
2021-06-11T09:20:49,1500.0,41.55,B
2021-06-11T09:20:49,500.0,41.55,B
2021-06-11T09:20:24,700.0,41.5,S
2021-06-11T09:20:01,200.0,41.5,S
2021-06-11T09:19:32,300.0,41.5,S
2021-06-11T09:19:19,100.0,41.5,S
2021-06-11T09:19:16,100.0,41.5,S
2021-06-11T09:19:10,4500.0,41.5,B
2021-06-11T09:19:10,100.0,41.5,B
2021-06-11T09:18:56,200.0,41.3,S
2021-06-11T09:18:55,500.0,41.3,S
2021-06-11T09:18:53,500.0,41.5,B
2021-06-11T09:18:53,300.0,41.5,B
2021-06-11T09:18:42,1000.0,41.3,B
2021-06-11T09:18:35,300.0,41.2,S
2021-06-11T09:18:33,1000.0,41.3,B
2021-06-11T09:18:29,500.0,41.2,S
2021-06-11T09:18:05,1000.0,41.2,S
2021-06-11T09:18:00,500.0,41.2,S
2021-06-11T09:17:49,200.0,41.2,S
2021-06-11T09:17:45,300.0,41.2,S
2021-06-11T09:17:31,5000.0,41.2,S
2021-06-11T09:17:30,200.0,41.2,S
2021-06-11T09:17:23,5000.0,41.5,B
2021-06-11T09:16:40,600.0,41.2,S
2021-06-11T09:16:36,200.0,41.5,S
2021-06-11T09:16:21,200.0,41.5,S
2021-06-11T09:16:21,200.0,41.5,S
2021-06-11T09:16:10,1400.0,41.5,B
2021-06-11T09:15:59,1000.0,41.5,B
