tradingTime,volume,price,side
2021-06-11T14:30:42,200.0,32.1,B
2021-06-11T14:30:37,5000.0,32.1,B
2021-06-11T14:30:27,2000.0,32.1,B
2021-06-11T14:30:17,500.0,32.1,B
2021-06-11T14:30:12,500.0,32.1,B
2021-06-11T14:30:07,2000.0,32.1,B
2021-06-11T14:29:50,800.0,32.1,B
2021-06-11T14:29:48,500.0,32.0,S
2021-06-11T14:29:47,400.0,32.1,B
2021-06-11T14:29:46,5300.0,32.0,S
2021-06-11T14:29:46,200.0,32.0,S
2021-06-11T14:29:46,2300.0,32.0,S
2021-06-11T14:29:46,6100.0,32.0,S
2021-06-11T14:29:45,600.0,32.0,S
2021-06-11T14:29:45,13100.0,32.0,S
2021-06-11T14:29:45,13300.0,32.0,S
2021-06-11T14:29:45,2500.0,32.05,S
2021-06-11T14:29:45,3600.0,32.05,S
2021-06-11T14:29:45,5800.0,32.05,S
2021-06-11T14:29:45,100.0,32.05,S
2021-06-11T14:29:45,3700.0,32.05,S
2021-06-11T14:29:45,6500.0,32.05,S
2021-06-11T14:29:45,11500.0,32.05,S
2021-06-11T14:29:45,9700.0,32.05,S
2021-06-11T14:29:45,14800.0,32.05,S
2021-06-11T14:29:45,14400.0,32.05,S
2021-06-11T14:29:45,2000.0,32.05,S
2021-06-11T14:29:45,9700.0,32.05,S
2021-06-11T14:29:43,9800.0,32.05,S
2021-06-11T14:29:43,3000.0,32.1,B
2021-06-11T14:29:43,6500.0,32.1,B
2021-06-11T14:29:43,1200.0,32.1,B
2021-06-11T14:29:43,2400.0,32.1,B
2021-06-11T14:29:43,1900.0,32.1,B
2021-06-11T14:29:36,500.0,32.1,B
2021-06-11T14:28:58,1000.0,32.1,B
2021-06-11T14:28:42,500.0,32.1,B
2021-06-11T14:28:40,500.0,32.05,S
2021-06-11T14:27:23,800.0,32.1,B
2021-06-11T14:26:51,700.0,32.05,S
2021-06-11T14:26:47,600.0,32.1,B
2021-06-11T14:26:47,400.0,32.1,B
2021-06-11T14:26:42,1000.0,32.05,S
2021-06-11T14:26:20,2000.0,32.1,B
2021-06-11T14:26:13,100.0,32.1,B
2021-06-11T14:25:50,500.0,32.1,B
2021-06-11T14:25:48,100.0,32.1,B
2021-06-11T14:24:38,400.0,32.05,S
2021-06-11T14:24:09,500.0,32.05,S
2021-06-11T14:23:54,100.0,32.1,B
2021-06-11T14:23:21,500.0,32.1,B
2021-06-11T14:23:16,600.0,32.05,S
2021-06-11T14:23:16,400.0,32.05,S
2021-06-11T14:22:52,100.0,32.1,B
2021-06-11T14:22:43,300.0,32.05,S
2021-06-11T14:21:29,100.0,32.1,B
2021-06-11T14:21:21,200.0,32.1,B
2021-06-11T14:21:02,500.0,32.1,B
2021-06-11T14:20:52,1000.0,32.1,B
2021-06-11T14:20:29,500.0,32.05,S
2021-06-11T14:20:01,100.0,32.05,S
2021-06-11T14:19:56,4000.0,32.05,S
2021-06-11T14:18:37,300.0,32.05,S
2021-06-11T14:18:37,200.0,32.05,S
2021-06-11T14:18:36,500.0,32.05,S
2021-06-11T14:18:35,100.0,32.1,B
2021-06-11T14:17:53,100.0,32.1,B
2021-06-11T14:17:38,500.0,32.05,S
2021-06-11T14:16:52,1000.0,32.1,B
2021-06-11T14:16:02,2000.0,32.1,B
2021-06-11T14:16:00,500.0,32.0,S
2021-06-11T14:15:59,5900.0,32.05,S
2021-06-11T14:15:57,500.0,32.05,S
2021-06-11T14:15:44,6000.0,32.05,S
2021-06-11T14:15:32,5000.0,32.05,S
2021-06-11T14:15:16,3900.0,32.05,S
2021-06-11T14:15:10,500.0,32.05,S
2021-06-11T14:14:33,1000.0,32.05,S
2021-06-11T14:14:27,100.0,32.05,S
2021-06-11T14:14:26,2000.0,32.05,S
2021-06-11T14:14:07,300.0,32.05,S
2021-06-11T14:12:31,800.0,32.05,S
2021-06-11T14:12:14,500.0,32.05,S
2021-06-11T14:12:07,500.0,32.1,B
2021-06-11T14:11:54,600.0,32.05,S
2021-06-11T14:11:54,400.0,32.05,S
2021-06-11T14:11:14,3900.0,32.1,B
2021-06-11T14:10:43,100.0,32.1,B
2021-06-11T14:10:33,1000.0,32.05,S
2021-06-11T14:10:16,1000.0,32.1,B
2021-06-11T14:10:09,500.0,32.05,S
2021-06-11T14:10:07,400.0,32.1,B
2021-06-11T14:10:01,100.0,32.1,B
2021-06-11T14:09:16,900.0,32.1,S
2021-06-11T14:09:12,100.0,32.1,S
2021-06-11T14:08:51,100.0,32.1,S
2021-06-11T14:08:22,900.0,32.1,S
2021-06-11T14:08:18,100.0,32.1,S
2021-06-11T14:07:13,1900.0,32.15,B
2021-06-11T14:07:08,4500.0,32.1,S
2021-06-11T14:07:08,15500.0,32.1,S
2021-06-11T14:06:47,100.0,32.1,S
2021-06-11T14:06:10,1000.0,32.1,S
2021-06-11T14:05:42,1000.0,32.1,S
2021-06-11T14:05:30,100.0,32.1,S
2021-06-11T14:05:11,100.0,32.1,S
2021-06-11T14:03:35,500.0,32.1,S
2021-06-11T14:03:00,500.0,32.1,B
2021-06-11T14:02:48,900.0,32.05,S
2021-06-11T14:02:48,5300.0,32.05,S
2021-06-11T14:02:48,2400.0,32.05,S
2021-06-11T14:02:48,2700.0,32.05,S
2021-06-11T14:02:48,8700.0,32.05,S
2021-06-11T14:02:16,20000.0,32.15,B
2021-06-11T14:02:10,1600.0,32.1,B
2021-06-11T14:01:56,200.0,32.05,S
2021-06-11T14:01:31,1100.0,32.05,S
2021-06-11T14:00:50,300.0,32.05,S
2021-06-11T14:00:49,3000.0,32.05,S
2021-06-11T14:00:39,1000.0,32.1,B
2021-06-11T14:00:25,200.0,32.05,S
2021-06-11T14:00:03,600.0,32.05,S
2021-06-11T13:59:40,100.0,32.05,S
2021-06-11T13:59:34,2000.0,32.1,B
2021-06-11T13:59:19,700.0,32.05,S
2021-06-11T13:59:19,100.0,32.1,B
2021-06-11T13:58:52,100.0,32.1,B
2021-06-11T13:58:38,1000.0,32.1,B
2021-06-11T13:58:11,100.0,32.1,B
2021-06-11T13:58:05,1000.0,32.1,B
2021-06-11T13:58:03,100.0,32.1,B
2021-06-11T13:57:58,7000.0,32.05,S
2021-06-11T13:57:42,500.0,32.1,B
2021-06-11T13:56:55,2000.0,32.05,S
2021-06-11T13:56:44,100.0,32.05,S
2021-06-11T13:56:44,500.0,32.05,S
2021-06-11T13:56:18,2000.0,32.05,S
2021-06-11T13:56:09,300.0,32.1,B
2021-06-11T13:56:05,500.0,32.1,B
2021-06-11T13:56:03,300.0,32.1,B
2021-06-11T13:56:02,3100.0,32.1,B
2021-06-11T13:55:55,100.0,32.1,B
2021-06-11T13:55:10,500.0,32.1,B
2021-06-11T13:54:56,300.0,32.05,S
2021-06-11T13:54:42,3700.0,32.05,B
2021-06-11T13:54:16,2000.0,32.05,B
2021-06-11T13:54:15,100.0,32.05,B
2021-06-11T13:54:02,900.0,32.05,B
2021-06-11T13:53:41,8300.0,32.05,S
2021-06-11T13:53:22,500.0,32.1,B
2021-06-11T13:53:17,500.0,32.1,B
2021-06-11T13:52:55,300.0,32.1,B
2021-06-11T13:52:33,800.0,32.1,B
2021-06-11T13:52:21,1000.0,32.05,S
2021-06-11T13:52:20,400.0,32.05,S
2021-06-11T13:51:05,200.0,32.05,B
2021-06-11T13:50:45,300.0,32.1,B
2021-06-11T13:50:39,500.0,32.05,B
2021-06-11T13:50:34,900.0,32.0,S
2021-06-11T13:50:34,100.0,32.05,B
2021-06-11T13:49:59,100.0,32.05,B
2021-06-11T13:49:55,100.0,32.05,B
2021-06-11T13:49:42,500.0,32.05,B
2021-06-11T13:49:41,1600.0,32.05,B
2021-06-11T13:49:39,1500.0,32.05,B
2021-06-11T13:49:33,4000.0,32.05,B
2021-06-11T13:49:33,100.0,32.05,B
2021-06-11T13:49:30,1000.0,32.05,B
2021-06-11T13:49:09,5500.0,32.05,B
2021-06-11T13:49:06,200.0,32.05,B
2021-06-11T13:49:03,1000.0,32.05,B
2021-06-11T13:48:50,200.0,32.05,B
2021-06-11T13:48:47,3000.0,32.05,B
2021-06-11T13:48:28,1000.0,32.05,B
2021-06-11T13:48:09,400.0,32.05,B
2021-06-11T13:48:09,1800.0,32.0,B
2021-06-11T13:48:04,3000.0,32.0,B
2021-06-11T13:47:41,1800.0,32.0,B
2021-06-11T13:47:34,2400.0,32.0,B
2021-06-11T13:47:27,100.0,32.0,B
2021-06-11T13:47:12,1000.0,32.0,S
2021-06-11T13:47:11,400.0,32.0,S
2021-06-11T13:46:44,500.0,32.05,B
2021-06-11T13:46:09,800.0,32.0,B
2021-06-11T13:46:08,2000.0,31.95,S
2021-06-11T13:45:56,1000.0,32.0,B
2021-06-11T13:45:53,300.0,32.0,B
2021-06-11T13:45:45,100.0,32.0,B
2021-06-11T13:45:31,200.0,32.0,B
2021-06-11T13:45:28,100.0,32.0,B
2021-06-11T13:45:27,1100.0,32.0,B
2021-06-11T13:45:13,500.0,32.0,S
2021-06-11T13:45:12,500.0,32.0,S
2021-06-11T13:44:59,1000.0,32.0,S
2021-06-11T13:44:59,500.0,32.0,S
2021-06-11T13:44:57,2000.0,32.0,S
2021-06-11T13:44:34,300.0,32.0,S
2021-06-11T13:44:33,100.0,32.0,S
2021-06-11T13:44:08,500.0,32.0,S
2021-06-11T13:44:08,300.0,32.0,S
2021-06-11T13:44:08,1100.0,32.0,S
2021-06-11T13:44:08,2400.0,32.0,S
2021-06-11T13:44:08,5600.0,32.0,S
2021-06-11T13:44:05,200.0,32.0,S
2021-06-11T13:44:05,500.0,32.0,S
2021-06-11T13:44:04,1400.0,32.0,S
2021-06-11T13:43:56,2000.0,32.0,S
2021-06-11T13:43:56,500.0,32.0,S
2021-06-11T13:43:56,1700.0,32.0,S
2021-06-11T13:43:29,1000.0,32.05,B
2021-06-11T13:43:10,3500.0,32.0,S
2021-06-11T13:42:55,3500.0,32.0,S
2021-06-11T13:42:55,400.0,32.0,S
2021-06-11T13:42:55,600.0,32.0,S
2021-06-11T13:42:52,500.0,32.0,S
2021-06-11T13:42:34,1000.0,32.0,S
2021-06-11T13:42:34,13100.0,32.0,S
2021-06-11T13:42:34,2000.0,32.0,S
2021-06-11T13:42:34,500.0,32.0,S
2021-06-11T13:42:33,9400.0,32.0,S
2021-06-11T13:42:27,5000.0,32.0,S
2021-06-11T13:42:27,200.0,32.05,B
2021-06-11T13:42:20,1000.0,32.05,B
2021-06-11T13:42:19,1700.0,32.0,S
2021-06-11T13:42:19,2200.0,32.0,S
2021-06-11T13:42:19,500.0,32.0,S
2021-06-11T13:42:10,3000.0,32.1,B
2021-06-11T13:42:05,100.0,32.05,B
2021-06-11T13:42:05,1000.0,32.05,B
2021-06-11T13:41:47,15600.0,32.05,S
2021-06-11T13:41:47,10700.0,32.05,S
2021-06-11T13:41:39,500.0,32.1,S
2021-06-11T13:41:39,3700.0,32.1,S
2021-06-11T13:41:35,800.0,32.15,S
2021-06-11T13:41:32,500.0,32.2,B
2021-06-11T13:41:29,200.0,32.15,S
2021-06-11T13:41:29,19800.0,32.15,S
2021-06-11T13:41:26,200.0,32.2,B
2021-06-11T13:41:23,200.0,32.15,S
2021-06-11T13:41:20,2000.0,32.15,S
2021-06-11T13:41:08,100.0,32.15,S
2021-06-11T13:41:07,1000.0,32.15,S
2021-06-11T13:41:04,7100.0,32.15,S
2021-06-11T13:40:48,900.0,32.15,S
2021-06-11T13:40:48,5100.0,32.15,S
2021-06-11T13:40:36,2000.0,32.15,S
2021-06-11T13:40:31,1000.0,32.2,B
2021-06-11T13:40:18,1000.0,32.15,S
2021-06-11T13:40:05,900.0,32.2,S
2021-06-11T13:40:05,300.0,32.2,S
2021-06-11T13:39:45,100.0,32.2,S
2021-06-11T13:39:41,500.0,32.15,S
2021-06-11T13:39:37,500.0,32.15,S
2021-06-11T13:39:33,1000.0,32.2,S
2021-06-11T13:39:28,1000.0,32.2,S
2021-06-11T13:39:21,5200.0,32.2,S
2021-06-11T13:39:21,2400.0,32.2,S
2021-06-11T13:39:20,600.0,32.2,S
2021-06-11T13:39:16,4900.0,32.2,S
2021-06-11T13:39:16,100.0,32.2,S
2021-06-11T13:39:15,100.0,32.25,S
2021-06-11T13:39:15,3800.0,32.25,S
2021-06-11T13:39:15,400.0,32.25,S
2021-06-11T13:39:15,2800.0,32.25,S
2021-06-11T13:39:15,80000.0,32.25,S
2021-06-11T13:39:14,100.0,32.3,B
2021-06-11T13:39:02,4000.0,32.25,S
2021-06-11T13:38:26,100.0,32.3,B
2021-06-11T13:38:23,3000.0,32.25,S
2021-06-11T13:38:18,1000.0,32.25,S
2021-06-11T13:38:17,300.0,32.3,B
2021-06-11T13:38:16,5000.0,32.25,S
2021-06-11T13:38:11,3000.0,32.25,S
2021-06-11T13:38:09,6000.0,32.25,S
2021-06-11T13:38:08,50000.0,32.25,S
2021-06-11T13:37:35,500.0,32.25,S
2021-06-11T13:37:34,1000.0,32.25,S
2021-06-11T13:37:25,85100.0,32.25,S
2021-06-11T13:37:24,100.0,32.3,B
2021-06-11T13:37:18,1000.0,32.25,S
2021-06-11T13:37:15,100.0,32.25,S
2021-06-11T13:36:57,1000.0,32.25,S
2021-06-11T13:36:34,10000.0,32.25,S
2021-06-11T13:36:31,1000.0,32.3,B
2021-06-11T13:36:14,400.0,32.25,S
2021-06-11T13:35:57,200.0,32.3,B
2021-06-11T13:35:48,200.0,32.3,B
2021-06-11T13:35:36,200.0,32.3,B
2021-06-11T13:35:24,1000.0,32.3,B
2021-06-11T13:35:20,100.0,32.3,B
2021-06-11T13:34:17,800.0,32.3,B
2021-06-11T13:33:57,1000.0,32.3,B
2021-06-11T13:33:47,200.0,32.3,B
2021-06-11T13:33:38,3000.0,32.25,S
2021-06-11T13:33:29,700.0,32.3,B
2021-06-11T13:33:15,14000.0,32.35,B
2021-06-11T13:32:46,1100.0,32.3,S
2021-06-11T13:32:42,500.0,32.3,S
2021-06-11T13:32:40,1500.0,32.35,S
2021-06-11T13:32:40,500.0,32.3,S
2021-06-11T13:32:31,12200.0,32.3,S
2021-06-11T13:32:30,100.0,32.3,S
2021-06-11T13:32:27,4600.0,32.35,S
2021-06-11T13:31:52,1000.0,32.3,S
2021-06-11T13:31:20,700.0,32.35,S
2021-06-11T13:31:18,17200.0,32.3,S
2021-06-11T13:31:07,500.0,32.3,S
2021-06-11T13:31:03,400.0,32.3,S
2021-06-11T13:30:54,100.0,32.35,S
2021-06-11T13:30:47,600.0,32.35,S
2021-06-11T13:30:47,1600.0,32.35,S
2021-06-11T13:30:46,20000.0,32.35,S
2021-06-11T13:30:43,2000.0,32.35,S
2021-06-11T13:30:35,30000.0,32.35,S
2021-06-11T13:30:31,11900.0,32.35,S
2021-06-11T13:30:30,400.0,32.35,S
2021-06-11T13:30:24,100.0,32.4,B
2021-06-11T13:30:21,4500.0,32.35,S
2021-06-11T13:30:07,21000.0,32.35,S
2021-06-11T13:29:49,20000.0,32.35,S
2021-06-11T13:29:39,50000.0,32.35,S
2021-06-11T13:29:36,100.0,32.4,B
2021-06-11T13:29:34,8000.0,32.35,S
2021-06-11T13:29:24,2000.0,32.4,B
2021-06-11T13:29:08,5000.0,32.4,B
2021-06-11T13:28:47,30000.0,32.35,S
2021-06-11T13:28:42,2000.0,32.35,S
2021-06-11T13:28:39,600.0,32.4,S
2021-06-11T13:28:20,400.0,32.4,S
2021-06-11T13:27:57,100.0,32.4,S
2021-06-11T13:27:48,2100.0,32.4,S
2021-06-11T13:27:25,1000.0,32.4,S
2021-06-11T13:27:24,2600.0,32.4,S
2021-06-11T13:27:21,5000.0,32.4,S
2021-06-11T13:27:19,6000.0,32.4,S
2021-06-11T13:27:18,30000.0,32.4,S
2021-06-11T13:27:17,19000.0,32.4,S
2021-06-11T13:27:16,100.0,32.4,S
2021-06-11T13:27:08,4000.0,32.4,S
2021-06-11T13:27:05,1000.0,32.45,B
2021-06-11T13:26:19,100.0,32.4,S
2021-06-11T13:26:15,1000.0,32.45,S
2021-06-11T13:26:09,20000.0,32.4,S
2021-06-11T13:26:05,1000.0,32.45,S
2021-06-11T13:26:02,500.0,32.45,S
2021-06-11T13:25:59,600.0,32.45,S
2021-06-11T13:25:40,3000.0,32.5,B
2021-06-11T13:25:40,5000.0,32.45,S
2021-06-11T13:25:38,400.0,32.45,S
2021-06-11T13:25:29,300.0,32.45,S
2021-06-11T13:25:28,2000.0,32.5,B
2021-06-11T13:25:22,400.0,32.45,S
2021-06-11T13:25:11,2000.0,32.45,S
2021-06-11T13:25:06,200.0,32.45,S
2021-06-11T13:24:56,100.0,32.5,B
2021-06-11T13:24:43,9300.0,32.45,S
2021-06-11T13:24:41,3000.0,32.5,B
2021-06-11T13:24:40,1000.0,32.5,B
2021-06-11T13:24:31,200.0,32.5,B
2021-06-11T13:24:30,2000.0,32.45,S
2021-06-11T13:24:29,200.0,32.5,B
2021-06-11T13:24:29,1000.0,32.45,S
2021-06-11T13:24:18,500.0,32.5,B
2021-06-11T13:24:10,8000.0,32.45,S
2021-06-11T13:23:59,500.0,32.45,S
2021-06-11T13:23:40,300.0,32.5,B
2021-06-11T13:23:27,5000.0,32.45,S
2021-06-11T13:23:20,300.0,32.45,S
2021-06-11T13:23:17,100.0,32.45,S
2021-06-11T13:23:10,100.0,32.5,B
2021-06-11T13:23:05,1100.0,32.5,B
2021-06-11T13:22:55,100.0,32.5,B
2021-06-11T13:22:52,200.0,32.5,B
2021-06-11T13:22:50,2000.0,32.5,B
2021-06-11T13:22:32,1000.0,32.5,B
2021-06-11T13:22:27,2000.0,32.5,B
2021-06-11T13:22:07,100.0,32.5,S
2021-06-11T13:21:58,2600.0,32.5,S
2021-06-11T13:21:47,200.0,32.5,S
2021-06-11T13:21:34,100.0,32.5,S
2021-06-11T13:21:31,1000.0,32.5,S
2021-06-11T13:21:25,500.0,32.5,S
2021-06-11T13:21:17,7000.0,32.6,B
2021-06-11T13:21:05,200.0,32.5,S
2021-06-11T13:20:58,3000.0,32.5,S
2021-06-11T13:20:33,1700.0,32.6,B
2021-06-11T13:20:33,9300.0,32.5,S
2021-06-11T13:20:33,5900.0,32.5,S
2021-06-11T13:20:33,2700.0,32.5,S
2021-06-11T13:20:33,500.0,32.5,S
2021-06-11T13:20:33,4600.0,32.5,S
2021-06-11T13:20:33,300.0,32.5,S
2021-06-11T13:20:32,1800.0,32.5,S
2021-06-11T13:20:32,14900.0,32.5,S
2021-06-11T13:20:22,3000.0,32.6,B
2021-06-11T13:20:21,2600.0,32.5,S
2021-06-11T13:20:21,1900.0,32.55,B
2021-06-11T13:19:34,1800.0,32.6,B
2021-06-11T13:19:29,10000.0,32.5,S
2021-06-11T13:19:20,2200.0,32.6,B
2021-06-11T13:19:20,5800.0,32.6,B
2021-06-11T13:19:17,3500.0,32.55,B
2021-06-11T13:19:17,1500.0,32.55,B
2021-06-11T13:19:13,10000.0,32.55,B
2021-06-11T13:19:09,5900.0,32.55,B
2021-06-11T13:19:03,3100.0,32.55,B
2021-06-11T13:19:03,500.0,32.5,S
2021-06-11T13:18:57,2300.0,32.55,B
2021-06-11T13:18:43,7000.0,32.5,S
2021-06-11T13:18:41,500.0,32.5,S
2021-06-11T13:18:20,4000.0,32.5,S
2021-06-11T13:18:15,600.0,32.5,S
2021-06-11T13:18:09,1300.0,32.55,B
2021-06-11T13:17:55,1000.0,32.5,S
2021-06-11T13:17:49,100.0,32.5,S
2021-06-11T13:17:44,2000.0,32.5,S
2021-06-11T13:17:43,1500.0,32.55,B
2021-06-11T13:17:12,5000.0,32.5,S
2021-06-11T13:16:47,2000.0,32.5,S
2021-06-11T13:16:34,100.0,32.55,B
2021-06-11T13:16:22,1000.0,32.55,B
2021-06-11T13:15:49,500.0,32.5,S
2021-06-11T13:15:44,7000.0,32.55,B
2021-06-11T13:15:38,500.0,32.55,B
2021-06-11T13:15:26,1000.0,32.55,B
2021-06-11T13:15:25,600.0,32.5,S
2021-06-11T13:15:11,100.0,32.55,B
2021-06-11T13:14:54,5000.0,32.55,B
2021-06-11T13:14:45,300.0,32.55,B
2021-06-11T13:14:41,1000.0,32.55,B
2021-06-11T13:14:39,100.0,32.55,B
2021-06-11T13:14:38,1000.0,32.55,B
2021-06-11T13:14:30,300.0,32.55,B
2021-06-11T13:14:30,5000.0,32.55,B
2021-06-11T13:14:26,1000.0,32.55,B
2021-06-11T13:14:19,400.0,32.5,S
2021-06-11T13:14:14,16800.0,32.55,B
2021-06-11T13:14:01,3000.0,32.55,B
2021-06-11T13:13:58,5300.0,32.55,B
2021-06-11T13:13:47,500.0,32.55,B
2021-06-11T13:13:40,1000.0,32.55,B
2021-06-11T13:13:29,5000.0,32.55,B
2021-06-11T13:13:28,5000.0,32.55,B
2021-06-11T13:13:13,19400.0,32.55,B
2021-06-11T13:13:00,100.0,32.55,B
2021-06-11T13:12:56,3400.0,32.6,B
2021-06-11T13:12:51,1000.0,32.6,B
2021-06-11T13:11:48,100.0,32.6,B
2021-06-11T13:11:31,1700.0,32.55,B
2021-06-11T13:11:31,1100.0,32.55,B
2021-06-11T13:11:31,17200.0,32.55,B
2021-06-11T13:11:23,100.0,32.5,S
2021-06-11T13:11:21,500.0,32.55,B
2021-06-11T13:11:07,100.0,32.5,S
2021-06-11T13:11:06,15000.0,32.5,S
2021-06-11T13:11:03,2000.0,32.55,B
2021-06-11T13:10:17,100000.0,32.5,B
2021-06-11T13:10:02,500.0,32.55,B
2021-06-11T13:10:02,10000.0,32.55,B
2021-06-11T13:09:48,4800.0,32.5,B
2021-06-11T13:09:47,200.0,32.5,B
2021-06-11T13:09:27,800.0,32.55,B
2021-06-11T13:09:16,3800.0,32.55,B
2021-06-11T13:09:14,2400.0,32.5,B
2021-06-11T13:09:13,4600.0,32.5,B
2021-06-11T13:08:43,2300.0,32.5,B
2021-06-11T13:08:43,1700.0,32.5,B
2021-06-11T13:08:42,700.0,32.5,B
2021-06-11T13:08:42,200.0,32.45,S
2021-06-11T13:08:20,1000.0,32.5,B
2021-06-11T13:08:15,1000.0,32.5,B
2021-06-11T13:07:39,300.0,32.5,B
2021-06-11T13:07:39,100.0,32.5,B
2021-06-11T13:07:08,100.0,32.5,B
2021-06-11T13:06:34,4500.0,32.5,B
2021-06-11T13:06:16,1000.0,32.45,S
2021-06-11T13:06:07,1000.0,32.5,B
2021-06-11T13:06:06,400.0,32.5,B
2021-06-11T13:05:34,400.0,32.5,B
2021-06-11T13:05:30,5000.0,32.5,B
2021-06-11T13:05:10,1000.0,32.5,B
2021-06-11T13:04:50,100.0,32.4,S
2021-06-11T13:04:40,600.0,32.35,S
2021-06-11T13:04:38,7000.0,32.35,S
2021-06-11T13:04:17,5500.0,32.35,S
2021-06-11T11:30:12,100.0,32.4,B
2021-06-11T11:30:12,9600.0,32.4,B
2021-06-11T11:30:12,300.0,32.3,S
2021-06-11T11:30:12,1000.0,32.4,B
2021-06-11T11:29:58,4800.0,32.4,B
2021-06-11T11:29:57,1000.0,32.4,B
2021-06-11T11:29:42,100.0,32.4,B
2021-06-11T11:29:33,4700.0,32.4,B
2021-06-11T11:29:10,5000.0,32.4,B
2021-06-11T11:28:56,5000.0,32.35,B
2021-06-11T11:28:43,4900.0,32.35,B
2021-06-11T11:28:27,4800.0,32.35,B
2021-06-11T11:28:23,300.0,32.3,B
2021-06-11T11:28:09,200.0,32.3,B
2021-06-11T11:28:06,4800.0,32.3,B
2021-06-11T11:27:53,100.0,32.3,B
2021-06-11T11:27:47,5000.0,32.3,S
2021-06-11T11:27:44,2500.0,32.3,S
2021-06-11T11:27:34,500.0,32.3,B
2021-06-11T11:27:34,5000.0,32.35,B
2021-06-11T11:27:20,3100.0,32.3,B
2021-06-11T11:27:20,1700.0,32.3,B
2021-06-11T11:27:17,500.0,32.25,S
2021-06-11T11:26:42,500.0,32.3,B
2021-06-11T11:26:34,100.0,32.3,B
2021-06-11T11:26:30,900.0,32.25,S
2021-06-11T11:25:54,1000.0,32.3,B
2021-06-11T11:25:48,1000.0,32.3,B
2021-06-11T11:25:03,1000.0,32.3,B
2021-06-11T11:25:00,500.0,32.3,B
2021-06-11T11:25:00,4000.0,32.25,S
2021-06-11T11:24:47,1000.0,32.25,S
2021-06-11T11:24:31,800.0,32.3,B
2021-06-11T11:24:20,1000.0,32.3,B
2021-06-11T11:24:16,1000.0,32.3,B
2021-06-11T11:24:09,1000.0,32.3,B
2021-06-11T11:24:08,3000.0,32.3,B
2021-06-11T11:24:05,1000.0,32.3,B
2021-06-11T11:24:04,1000.0,32.3,B
2021-06-11T11:23:57,1000.0,32.3,B
2021-06-11T11:23:17,1100.0,32.3,B
2021-06-11T11:23:16,400.0,32.3,B
2021-06-11T11:23:14,1000.0,32.3,B
2021-06-11T11:23:07,1000.0,32.3,B
2021-06-11T11:23:04,1000.0,32.3,B
2021-06-11T11:22:52,5000.0,32.3,B
2021-06-11T11:22:52,3800.0,32.3,B
2021-06-11T11:22:52,1200.0,32.3,B
2021-06-11T11:22:36,1000.0,32.3,B
2021-06-11T11:22:22,3000.0,32.3,B
2021-06-11T11:22:14,2000.0,32.2,S
2021-06-11T11:21:54,3600.0,32.3,B
2021-06-11T11:21:54,500.0,32.25,B
2021-06-11T11:21:54,1500.0,32.25,B
2021-06-11T11:21:54,4400.0,32.25,B
2021-06-11T11:21:54,1000.0,32.25,B
2021-06-11T11:21:52,100.0,32.25,B
2021-06-11T11:21:37,1000.0,32.25,B
2021-06-11T11:21:31,900.0,32.2,B
2021-06-11T11:21:28,1100.0,32.2,B
2021-06-11T11:21:28,2200.0,32.2,B
2021-06-11T11:21:22,2000.0,32.2,B
2021-06-11T11:21:15,3000.0,32.2,B
2021-06-11T11:20:59,2000.0,32.2,B
2021-06-11T11:20:54,1000.0,32.2,B
2021-06-11T11:20:44,500.0,32.2,B
2021-06-11T11:20:42,3000.0,32.2,B
2021-06-11T11:20:33,8000.0,32.2,B
2021-06-11T11:20:33,1200.0,32.2,B
2021-06-11T11:20:33,800.0,32.2,B
2021-06-11T11:20:00,1000.0,32.2,B
2021-06-11T11:17:42,2100.0,32.15,B
2021-06-11T11:16:52,400.0,32.15,B
2021-06-11T11:16:46,5000.0,32.15,B
2021-06-11T11:16:24,300.0,32.1,S
2021-06-11T11:16:11,5000.0,32.15,B
2021-06-11T11:15:54,400.0,32.1,S
2021-06-11T11:15:36,400.0,32.15,B
2021-06-11T11:14:24,5900.0,32.1,B
2021-06-11T11:14:09,200.0,32.05,S
2021-06-11T11:13:59,1000.0,32.1,B
2021-06-11T11:13:49,10000.0,32.05,S
2021-06-11T11:13:46,5000.0,32.05,S
2021-06-11T11:13:30,1700.0,32.1,S
2021-06-11T11:13:29,1400.0,32.1,S
2021-06-11T11:13:29,100.0,32.15,B
2021-06-11T11:13:14,100.0,32.15,B
2021-06-11T11:13:14,200.0,32.15,B
2021-06-11T11:12:52,1000.0,32.15,B
2021-06-11T11:12:18,500.0,32.15,B
2021-06-11T11:12:14,100.0,32.15,B
2021-06-11T11:12:05,1000.0,32.15,B
2021-06-11T11:12:00,3000.0,32.15,B
2021-06-11T11:11:58,2000.0,32.15,B
2021-06-11T11:11:33,5000.0,32.15,B
2021-06-11T11:11:26,100.0,32.1,S
2021-06-11T11:10:57,100.0,32.15,B
2021-06-11T11:10:13,300.0,32.15,B
2021-06-11T11:10:05,1000.0,32.15,B
2021-06-11T11:09:31,1500.0,32.15,B
2021-06-11T11:09:27,100.0,32.05,S
2021-06-11T11:09:25,3000.0,32.05,S
2021-06-11T11:09:25,900.0,32.05,S
2021-06-11T11:09:21,1300.0,32.05,S
2021-06-11T11:09:21,7700.0,32.1,S
2021-06-11T11:09:12,1000.0,32.1,S
2021-06-11T11:09:04,1000.0,32.15,B
2021-06-11T11:08:58,1000.0,32.1,S
2021-06-11T11:07:50,1200.0,32.1,B
2021-06-11T11:07:50,1000.0,32.1,B
2021-06-11T11:07:47,10000.0,32.1,B
2021-06-11T11:07:41,500.0,32.1,B
2021-06-11T11:07:41,500.0,32.05,S
2021-06-11T11:07:22,700.0,32.1,B
2021-06-11T11:07:15,500.0,32.1,B
2021-06-11T11:06:57,100.0,32.05,B
2021-06-11T11:06:55,4000.0,32.05,B
2021-06-11T11:06:54,1000.0,32.05,B
2021-06-11T11:06:47,10000.0,32.0,S
2021-06-11T11:06:44,200.0,32.05,B
2021-06-11T11:06:39,500.0,32.05,B
2021-06-11T11:06:38,100.0,32.0,S
2021-06-11T11:06:36,300.0,32.05,B
2021-06-11T11:06:27,900.0,32.0,S
2021-06-11T11:06:26,500.0,32.0,S
2021-06-11T11:06:07,1400.0,32.0,B
2021-06-11T11:06:04,500.0,32.0,B
2021-06-11T11:06:00,100.0,32.0,B
2021-06-11T11:06:00,2900.0,32.0,B
2021-06-11T11:05:55,500.0,32.0,B
2021-06-11T11:05:46,3000.0,32.0,B
2021-06-11T11:05:45,2000.0,32.0,B
2021-06-11T11:05:31,100.0,32.0,B
2021-06-11T11:05:26,2000.0,32.0,B
2021-06-11T11:05:24,2000.0,31.95,S
2021-06-11T11:05:15,100.0,32.0,B
2021-06-11T11:05:15,100.0,32.0,B
2021-06-11T11:05:14,4500.0,31.95,S
2021-06-11T11:05:11,5000.0,32.0,B
2021-06-11T11:04:56,1000.0,32.0,S
2021-06-11T11:04:37,2000.0,32.0,S
2021-06-11T11:04:37,100.0,32.0,S
2021-06-11T11:04:33,1000.0,32.0,S
2021-06-11T11:04:32,200.0,32.0,S
2021-06-11T11:04:32,1300.0,31.95,S
2021-06-11T11:04:27,500.0,32.0,S
2021-06-11T11:04:26,200.0,32.0,S
2021-06-11T11:04:26,2000.0,31.95,S
2021-06-11T11:04:21,400.0,32.0,S
2021-06-11T11:04:05,300.0,32.0,S
2021-06-11T11:03:54,3000.0,32.0,S
2021-06-11T11:03:54,1500.0,32.0,S
2021-06-11T11:03:54,1900.0,32.0,S
2021-06-11T11:03:54,2600.0,32.0,S
2021-06-11T11:03:54,2600.0,32.0,S
2021-06-11T11:03:54,13200.0,32.0,S
2021-06-11T11:03:51,2000.0,32.05,S
2021-06-11T11:03:18,1000.0,32.1,B
2021-06-11T11:03:00,3300.0,32.1,S
2021-06-11T11:03:00,700.0,32.1,S
2021-06-11T11:02:59,5000.0,32.1,S
2021-06-11T11:02:56,1000.0,32.1,S
2021-06-11T11:02:53,1100.0,32.15,S
2021-06-11T11:02:53,1000.0,32.15,S
2021-06-11T11:02:50,100.0,32.2,B
2021-06-11T11:02:45,3000.0,32.15,S
2021-06-11T11:02:29,4000.0,32.2,S
2021-06-11T11:02:27,3000.0,32.2,S
2021-06-11T11:02:20,1000.0,32.2,S
2021-06-11T11:02:19,10000.0,32.2,S
2021-06-11T11:02:15,800.0,32.2,S
2021-06-11T11:02:08,14300.0,32.2,S
2021-06-11T11:02:05,6000.0,32.2,S
2021-06-11T11:01:57,3000.0,32.2,S
2021-06-11T11:01:50,300.0,32.2,S
2021-06-11T11:01:50,200.0,32.2,S
2021-06-11T11:01:43,10000.0,32.2,S
2021-06-11T11:01:42,1000.0,32.2,S
2021-06-11T11:01:40,2000.0,32.2,S
2021-06-11T11:01:39,1800.0,32.2,S
2021-06-11T11:01:39,100.0,32.2,S
2021-06-11T11:01:35,3000.0,32.2,S
2021-06-11T11:01:32,100.0,32.2,S
2021-06-11T11:01:29,500.0,32.25,B
2021-06-11T11:01:28,500.0,32.25,B
2021-06-11T11:01:22,3000.0,32.2,S
2021-06-11T11:01:21,100.0,32.25,S
2021-06-11T11:01:11,2500.0,32.2,S
2021-06-11T11:01:07,500.0,32.25,S
2021-06-11T11:01:05,1000.0,32.25,S
2021-06-11T11:00:59,1000.0,32.25,S
2021-06-11T11:00:51,4800.0,32.25,S
2021-06-11T11:00:45,8700.0,32.25,S
2021-06-11T11:00:35,300.0,32.25,S
2021-06-11T11:00:32,400.0,32.25,S
2021-06-11T11:00:27,900.0,32.25,S
2021-06-11T11:00:26,1000.0,32.3,B
2021-06-11T11:00:25,500.0,32.25,S
2021-06-11T11:00:24,500.0,32.25,S
2021-06-11T11:00:02,1000.0,32.25,S
2021-06-11T11:00:01,1000.0,32.3,B
2021-06-11T11:00:01,10000.0,32.25,S
2021-06-11T10:59:52,4000.0,32.25,S
2021-06-11T10:59:49,1000.0,32.25,S
2021-06-11T10:59:39,4000.0,32.3,B
2021-06-11T10:59:37,10000.0,32.25,S
2021-06-11T10:59:37,7000.0,32.3,B
2021-06-11T10:59:36,100.0,32.25,S
2021-06-11T10:59:34,1000.0,32.3,B
2021-06-11T10:59:34,4100.0,32.25,S
2021-06-11T10:59:34,100.0,32.25,S
2021-06-11T10:59:34,5800.0,32.25,S
2021-06-11T10:59:28,1000.0,32.3,B
2021-06-11T10:59:26,500.0,32.25,S
2021-06-11T10:59:22,400.0,32.25,S
2021-06-11T10:59:21,1000.0,32.3,B
2021-06-11T10:59:12,1300.0,32.25,S
2021-06-11T10:59:10,1000.0,32.3,B
2021-06-11T10:59:08,10000.0,32.25,S
2021-06-11T10:59:01,1000.0,32.3,S
2021-06-11T10:59:01,400.0,32.3,S
2021-06-11T10:59:00,500.0,32.3,S
2021-06-11T10:58:41,100.0,32.3,S
2021-06-11T10:58:34,11600.0,32.3,S
2021-06-11T10:58:34,6500.0,32.3,S
2021-06-11T10:58:34,50200.0,32.3,S
2021-06-11T10:58:34,500.0,32.3,S
2021-06-11T10:58:34,5200.0,32.3,S
2021-06-11T10:58:34,2500.0,32.3,S
2021-06-11T10:58:24,36700.0,32.35,S
2021-06-11T10:58:22,10000.0,32.35,S
2021-06-11T10:58:12,1500.0,32.35,S
2021-06-11T10:58:04,1500.0,32.4,S
2021-06-11T10:57:58,200.0,32.4,S
2021-06-11T10:57:55,500.0,32.45,B
2021-06-11T10:57:50,10000.0,32.4,S
2021-06-11T10:57:47,300.0,32.4,S
2021-06-11T10:57:36,10000.0,32.4,S
2021-06-11T10:57:31,3000.0,32.4,S
2021-06-11T10:57:26,10000.0,32.4,S
2021-06-11T10:57:22,5000.0,32.4,S
2021-06-11T10:57:16,500.0,32.4,S
2021-06-11T10:57:15,5000.0,32.4,S
2021-06-11T10:57:06,23000.0,32.45,B
2021-06-11T10:57:03,500.0,32.4,S
2021-06-11T10:56:50,11000.0,32.4,S
2021-06-11T10:56:46,10000.0,32.4,S
2021-06-11T10:56:34,300.0,32.45,B
2021-06-11T10:56:34,2000.0,32.4,S
2021-06-11T10:56:18,15400.0,32.4,S
2021-06-11T10:56:15,300.0,32.45,B
2021-06-11T10:55:45,6000.0,32.45,B
2021-06-11T10:55:39,3000.0,32.45,B
2021-06-11T10:55:02,1000.0,32.45,S
2021-06-11T10:54:48,4000.0,32.45,S
2021-06-11T10:54:42,2900.0,32.45,S
2021-06-11T10:54:35,6000.0,32.45,S
2021-06-11T10:54:35,200.0,32.4,S
2021-06-11T10:54:29,100.0,32.45,S
2021-06-11T10:54:24,1400.0,32.45,S
2021-06-11T10:53:57,1000.0,32.45,S
2021-06-11T10:53:56,200.0,32.45,S
2021-06-11T10:53:44,100.0,32.45,S
2021-06-11T10:53:42,500.0,32.45,S
2021-06-11T10:53:31,2200.0,32.45,S
2021-06-11T10:53:29,1000.0,32.45,S
2021-06-11T10:53:26,3100.0,32.45,S
2021-06-11T10:53:26,900.0,32.45,S
2021-06-11T10:53:25,1000.0,32.45,S
2021-06-11T10:53:22,1800.0,32.45,S
2021-06-11T10:53:10,300.0,32.45,S
2021-06-11T10:53:07,500.0,32.45,S
2021-06-11T10:53:07,2000.0,32.45,S
2021-06-11T10:52:50,4000.0,32.5,B
2021-06-11T10:52:47,4000.0,32.45,S
2021-06-11T10:52:46,1000.0,32.45,S
2021-06-11T10:52:39,1000.0,32.45,S
2021-06-11T10:52:25,400.0,32.45,S
2021-06-11T10:52:06,400.0,32.45,S
2021-06-11T10:51:59,200.0,32.45,S
2021-06-11T10:51:58,500.0,32.45,S
2021-06-11T10:51:54,2100.0,32.45,S
2021-06-11T10:51:41,1000.0,32.5,B
2021-06-11T10:51:36,100.0,32.5,B
2021-06-11T10:51:15,3400.0,32.5,B
2021-06-11T10:51:13,100.0,32.45,S
2021-06-11T10:51:04,1500.0,32.45,S
2021-06-11T10:50:45,400.0,32.5,B
2021-06-11T10:50:45,400.0,32.5,B
2021-06-11T10:50:45,1600.0,32.5,B
2021-06-11T10:50:44,300.0,32.45,S
2021-06-11T10:50:41,1000.0,32.5,B
2021-06-11T10:50:36,1000.0,32.45,S
2021-06-11T10:50:33,1000.0,32.45,S
2021-06-11T10:50:30,1000.0,32.5,B
2021-06-11T10:50:26,100.0,32.5,B
2021-06-11T10:50:26,3100.0,32.5,B
2021-06-11T10:50:23,1000.0,32.5,B
2021-06-11T10:50:14,8000.0,32.45,S
2021-06-11T10:50:06,2000.0,32.45,S
2021-06-11T10:50:04,500.0,32.5,B
2021-06-11T10:50:02,100.0,32.5,B
2021-06-11T10:49:28,1500.0,32.5,B
2021-06-11T10:49:19,2800.0,32.5,B
2021-06-11T10:49:14,300.0,32.5,B
2021-06-11T10:49:02,1000.0,32.5,B
2021-06-11T10:48:45,10000.0,32.5,B
2021-06-11T10:48:42,4000.0,32.5,B
2021-06-11T10:48:42,400.0,32.5,B
2021-06-11T10:48:40,600.0,32.4,S
2021-06-11T10:48:37,1900.0,32.5,B
2021-06-11T10:48:31,2500.0,32.5,B
2021-06-11T10:48:29,200.0,32.5,B
2021-06-11T10:48:28,1000.0,32.4,S
2021-06-11T10:48:06,400.0,32.5,B
2021-06-11T10:47:56,200.0,32.5,B
2021-06-11T10:47:42,200.0,32.5,B
2021-06-11T10:47:31,5000.0,32.5,B
2021-06-11T10:47:17,400.0,32.5,B
2021-06-11T10:47:15,500.0,32.5,B
2021-06-11T10:47:12,1000.0,32.5,B
2021-06-11T10:47:11,1600.0,32.4,S
2021-06-11T10:47:11,1000.0,32.4,S
2021-06-11T10:47:10,7400.0,32.4,S
2021-06-11T10:47:09,2000.0,32.5,B
2021-06-11T10:46:23,3000.0,32.5,B
2021-06-11T10:46:08,100.0,32.45,B
2021-06-11T10:46:05,10000.0,32.5,B
2021-06-11T10:45:59,1000.0,32.5,B
2021-06-11T10:45:41,200.0,32.45,B
2021-06-11T10:44:51,700.0,32.45,B
2021-06-11T10:44:39,100.0,32.45,B
2021-06-11T10:44:35,300.0,32.45,B
2021-06-11T10:44:34,1000.0,32.45,B
2021-06-11T10:44:30,500.0,32.45,B
2021-06-11T10:44:04,2200.0,32.45,B
2021-06-11T10:44:01,2800.0,32.45,B
2021-06-11T10:43:49,1000.0,32.45,B
2021-06-11T10:43:45,3300.0,32.45,B
2021-06-11T10:43:45,1700.0,32.45,B
2021-06-11T10:43:40,1000.0,32.45,B
2021-06-11T10:43:37,1400.0,32.4,S
2021-06-11T10:43:32,100.0,32.4,S
2021-06-11T10:43:29,500.0,32.4,S
2021-06-11T10:43:02,500.0,32.4,S
2021-06-11T10:42:59,200.0,32.45,B
2021-06-11T10:42:35,1000.0,32.45,B
2021-06-11T10:42:32,900.0,32.45,B
2021-06-11T10:42:31,600.0,32.3,S
2021-06-11T10:42:29,200.0,32.45,B
2021-06-11T10:42:28,1000.0,32.45,B
2021-06-11T10:42:26,10000.0,32.45,B
2021-06-11T10:42:18,400.0,32.4,S
2021-06-11T10:42:17,1000.0,32.45,B
2021-06-11T10:42:15,500.0,32.45,B
2021-06-11T10:42:01,2000.0,32.45,B
2021-06-11T10:41:57,1100.0,32.45,B
2021-06-11T10:41:48,300.0,32.45,B
2021-06-11T10:41:47,1300.0,32.45,B
2021-06-11T10:41:47,1000.0,32.3,S
2021-06-11T10:41:39,500.0,32.45,B
2021-06-11T10:41:38,2400.0,32.3,S
2021-06-11T10:41:38,23400.0,32.3,S
2021-06-11T10:41:38,200.0,32.35,S
2021-06-11T10:41:37,23900.0,32.35,S
2021-06-11T10:41:34,1000.0,32.45,B
2021-06-11T10:41:31,100.0,32.45,B
2021-06-11T10:41:25,1600.0,32.45,B
2021-06-11T10:41:23,1000.0,32.45,B
2021-06-11T10:41:05,2800.0,32.45,B
2021-06-11T10:40:47,10000.0,32.4,S
2021-06-11T10:40:22,1000.0,32.4,B
2021-06-11T10:40:21,500.0,32.45,B
2021-06-11T10:40:09,3000.0,32.4,B
2021-06-11T10:40:08,1000.0,32.4,B
2021-06-11T10:40:04,11800.0,32.4,B
2021-06-11T10:40:03,500.0,32.35,B
2021-06-11T10:40:00,1700.0,32.35,B
2021-06-11T10:39:56,1000.0,32.35,B
2021-06-11T10:39:55,100.0,32.35,B
2021-06-11T10:39:49,300.0,32.35,B
2021-06-11T10:39:35,500.0,32.35,B
2021-06-11T10:39:10,1000.0,32.35,B
2021-06-11T10:38:59,2300.0,32.25,S
2021-06-11T10:38:55,1000.0,32.4,B
2021-06-11T10:38:48,1400.0,32.35,B
2021-06-11T10:38:42,300.0,32.35,B
2021-06-11T10:38:31,1000.0,32.35,B
2021-06-11T10:38:30,3300.0,32.35,B
2021-06-11T10:38:30,500.0,32.35,B
2021-06-11T10:38:30,3500.0,32.3,S
2021-06-11T10:38:30,2000.0,32.3,S
2021-06-11T10:38:28,5700.0,32.3,S
2021-06-11T10:38:26,100.0,32.3,S
2021-06-11T10:38:24,1500.0,32.3,S
2021-06-11T10:38:24,50000.0,32.3,S
2021-06-11T10:38:16,1800.0,32.3,S
2021-06-11T10:38:13,600.0,32.3,S
2021-06-11T10:38:06,1000.0,32.3,S
2021-06-11T10:37:58,500.0,32.3,S
2021-06-11T10:37:58,2000.0,32.25,S
2021-06-11T10:37:42,200.0,32.3,S
2021-06-11T10:37:39,1300.0,32.3,S
2021-06-11T10:37:33,4700.0,32.3,S
2021-06-11T10:37:32,5300.0,32.3,S
2021-06-11T10:37:30,3000.0,32.3,S
2021-06-11T10:37:29,200.0,32.3,S
2021-06-11T10:37:27,1700.0,32.3,S
2021-06-11T10:37:27,300.0,32.3,S
2021-06-11T10:37:25,100.0,32.35,S
2021-06-11T10:37:23,100.0,32.35,S
2021-06-11T10:37:19,6000.0,32.3,S
2021-06-11T10:37:10,2700.0,32.35,S
2021-06-11T10:37:07,1000.0,32.35,S
2021-06-11T10:37:05,7400.0,32.35,S
2021-06-11T10:37:04,500.0,32.35,S
2021-06-11T10:37:04,1000.0,32.35,S
2021-06-11T10:37:00,3600.0,32.35,S
2021-06-11T10:37:00,1000.0,32.35,S
2021-06-11T10:36:55,200.0,32.35,S
2021-06-11T10:36:42,300.0,32.3,S
2021-06-11T10:36:42,1000.0,32.3,S
2021-06-11T10:36:42,5900.0,32.3,S
2021-06-11T10:36:42,300.0,32.4,B
2021-06-11T10:36:39,600.0,32.4,B
2021-06-11T10:36:39,500.0,32.4,B
2021-06-11T10:36:14,500.0,32.5,S
2021-06-11T10:36:09,500.0,32.4,S
2021-06-11T10:36:05,500.0,32.5,S
2021-06-11T10:35:56,5000.0,32.4,S
2021-06-11T10:35:54,2000.0,32.55,B
2021-06-11T10:35:51,200.0,32.5,S
2021-06-11T10:35:51,500.0,32.55,B
2021-06-11T10:35:44,1500.0,32.4,S
2021-06-11T10:35:42,3000.0,32.6,B
2021-06-11T10:35:41,200.0,32.5,S
2021-06-11T10:35:41,100.0,32.5,S
2021-06-11T10:35:36,200.0,32.6,B
2021-06-11T10:35:36,17900.0,32.4,S
2021-06-11T10:35:36,1400.0,32.4,S
2021-06-11T10:35:36,6100.0,32.4,S
2021-06-11T10:35:36,11000.0,32.45,S
2021-06-11T10:35:36,3000.0,32.45,S
2021-06-11T10:35:34,1000.0,32.5,S
2021-06-11T10:35:34,3000.0,32.5,S
2021-06-11T10:35:34,1200.0,32.5,S
2021-06-11T10:35:34,15400.0,32.5,S
2021-06-11T10:35:34,2000.0,32.55,S
2021-06-11T10:35:33,5000.0,32.6,B
2021-06-11T10:35:31,3000.0,32.55,S
2021-06-11T10:35:28,1000.0,32.55,S
2021-06-11T10:35:24,300.0,32.6,B
2021-06-11T10:35:01,1100.0,32.6,S
2021-06-11T10:35:01,9200.0,32.6,S
2021-06-11T10:35:01,800.0,32.6,S
2021-06-11T10:35:01,500.0,32.6,S
2021-06-11T10:35:01,1000.0,32.6,S
2021-06-11T10:35:01,100.0,32.6,S
2021-06-11T10:35:01,6600.0,32.6,S
2021-06-11T10:34:58,5000.0,32.65,S
2021-06-11T10:34:56,300.0,32.6,S
2021-06-11T10:34:49,1000.0,32.6,S
2021-06-11T10:34:41,300.0,32.65,S
2021-06-11T10:34:37,3800.0,32.7,B
2021-06-11T10:34:35,100.0,32.7,B
2021-06-11T10:34:04,500.0,32.7,B
2021-06-11T10:33:57,20000.0,32.6,S
2021-06-11T10:33:51,1000.0,32.7,B
2021-06-11T10:33:47,1100.0,32.6,S
2021-06-11T10:33:44,500.0,32.7,B
2021-06-11T10:33:33,1000.0,32.7,B
2021-06-11T10:33:31,100.0,32.7,B
2021-06-11T10:33:28,1100.0,32.7,B
2021-06-11T10:33:27,1000.0,32.7,B
2021-06-11T10:33:26,5000.0,32.6,S
2021-06-11T10:33:20,1000.0,32.7,B
2021-06-11T10:33:19,1300.0,32.6,S
2021-06-11T10:33:11,1800.0,32.7,B
2021-06-11T10:33:00,500.0,32.7,B
2021-06-11T10:32:56,1000.0,32.6,S
2021-06-11T10:32:56,4000.0,32.6,S
2021-06-11T10:32:52,1300.0,32.7,B
2021-06-11T10:32:51,1300.0,32.6,S
2021-06-11T10:32:50,100.0,32.6,S
2021-06-11T10:32:47,3000.0,32.6,S
2021-06-11T10:32:47,500.0,32.7,B
2021-06-11T10:32:42,500.0,32.65,S
2021-06-11T10:32:22,2000.0,32.6,S
2021-06-11T10:32:21,1000.0,32.6,S
2021-06-11T10:32:16,50000.0,32.7,B
2021-06-11T10:32:12,1600.0,32.65,B
2021-06-11T10:32:09,5000.0,32.65,B
2021-06-11T10:32:05,3600.0,32.65,B
2021-06-11T10:32:03,1000.0,32.65,B
2021-06-11T10:32:00,200.0,32.65,B
2021-06-11T10:31:58,2000.0,32.65,B
2021-06-11T10:31:50,400.0,32.6,S
2021-06-11T10:31:47,1700.0,32.65,B
2021-06-11T10:31:46,200.0,32.65,B
2021-06-11T10:31:41,300.0,32.65,B
2021-06-11T10:31:39,9500.0,32.65,B
2021-06-11T10:31:32,100.0,32.65,B
2021-06-11T10:31:23,200.0,32.65,B
2021-06-11T10:31:09,500.0,32.6,B
2021-06-11T10:31:09,200.0,32.6,B
2021-06-11T10:31:08,10000.0,32.65,B
2021-06-11T10:31:05,9200.0,32.65,B
2021-06-11T10:31:02,6000.0,32.6,B
2021-06-11T10:31:02,5000.0,32.6,B
2021-06-11T10:30:59,500.0,32.6,B
2021-06-11T10:30:59,5000.0,32.6,B
2021-06-11T10:30:58,1000.0,32.6,B
2021-06-11T10:30:56,1700.0,32.6,B
2021-06-11T10:30:55,1000.0,32.6,B
2021-06-11T10:30:52,200.0,32.6,B
2021-06-11T10:30:50,600.0,32.6,B
2021-06-11T10:30:50,5000.0,32.6,B
2021-06-11T10:30:46,1300.0,32.6,B
2021-06-11T10:30:46,1000.0,32.6,B
2021-06-11T10:30:44,600.0,32.6,B
2021-06-11T10:30:41,500.0,32.6,B
2021-06-11T10:30:41,5000.0,32.6,B
2021-06-11T10:30:40,10000.0,32.6,B
2021-06-11T10:30:39,10000.0,32.55,S
2021-06-11T10:30:37,2000.0,32.6,B
2021-06-11T10:30:34,1000.0,32.6,B
2021-06-11T10:30:33,2400.0,32.6,B
2021-06-11T10:30:27,500.0,32.6,B
2021-06-11T10:30:10,5000.0,32.6,B
2021-06-11T10:30:09,500.0,32.6,B
2021-06-11T10:30:03,1000.0,32.55,S
2021-06-11T10:30:01,400.0,32.6,B
2021-06-11T10:30:01,2000.0,32.6,B
2021-06-11T10:30:00,300.0,32.55,S
2021-06-11T10:29:58,1000.0,32.55,S
2021-06-11T10:29:56,500.0,32.6,B
2021-06-11T10:29:39,3300.0,32.55,B
2021-06-11T10:29:39,1000.0,32.6,B
2021-06-11T10:29:30,500.0,32.6,B
2021-06-11T10:29:24,200.0,32.55,B
2021-06-11T10:29:18,100.0,32.55,B
2021-06-11T10:29:15,300.0,32.55,B
2021-06-11T10:29:15,1400.0,32.55,B
2021-06-11T10:29:14,6000.0,32.55,B
2021-06-11T10:29:14,900.0,32.55,B
2021-06-11T10:29:10,2700.0,32.55,B
2021-06-11T10:29:04,500.0,32.55,B
2021-06-11T10:29:02,1000.0,32.55,B
2021-06-11T10:29:01,500.0,32.55,B
2021-06-11T10:28:59,22000.0,32.55,B
2021-06-11T10:28:56,300.0,32.55,B
2021-06-11T10:28:54,1000.0,32.5,S
2021-06-11T10:28:54,1000.0,32.55,B
2021-06-11T10:28:52,1000.0,32.55,B
2021-06-11T10:28:50,11900.0,32.5,S
2021-06-11T10:28:49,100.0,32.5,S
2021-06-11T10:28:45,10000.0,32.55,B
2021-06-11T10:28:45,1200.0,32.5,B
2021-06-11T10:28:44,1500.0,32.55,B
2021-06-11T10:28:43,2000.0,32.55,B
2021-06-11T10:28:41,500.0,32.5,B
2021-06-11T10:28:38,100.0,32.5,B
2021-06-11T10:28:36,200.0,32.55,B
2021-06-11T10:28:31,500.0,32.55,B
2021-06-11T10:28:28,1500.0,32.5,B
2021-06-11T10:28:23,100.0,32.5,B
2021-06-11T10:28:21,100.0,32.5,B
2021-06-11T10:28:21,1800.0,32.5,B
2021-06-11T10:28:21,6300.0,32.5,B
2021-06-11T10:28:20,8000.0,32.5,B
2021-06-11T10:28:19,5000.0,32.5,B
2021-06-11T10:28:19,10000.0,32.5,B
2021-06-11T10:28:17,1000.0,32.5,B
2021-06-11T10:28:15,19000.0,32.5,B
2021-06-11T10:28:15,1000.0,32.5,B
2021-06-11T10:28:14,5000.0,32.5,B
2021-06-11T10:28:14,70500.0,32.5,B
2021-06-11T10:28:12,50000.0,32.5,B
2021-06-11T10:28:11,100.0,32.5,B
2021-06-11T10:28:10,8000.0,32.5,B
2021-06-11T10:28:09,5000.0,32.5,B
2021-06-11T10:28:07,500.0,32.5,B
2021-06-11T10:28:07,31100.0,32.5,B
2021-06-11T10:28:07,2000.0,32.5,B
2021-06-11T10:28:04,5400.0,32.5,B
2021-06-11T10:28:01,10000.0,32.5,B
2021-06-11T10:28:00,100.0,32.45,S
2021-06-11T10:27:59,3000.0,32.5,B
2021-06-11T10:27:58,2000.0,32.45,S
2021-06-11T10:27:57,3000.0,32.5,B
2021-06-11T10:27:56,8000.0,32.5,B
2021-06-11T10:27:55,2000.0,32.5,B
2021-06-11T10:27:51,300.0,32.5,B
2021-06-11T10:27:50,500.0,32.5,B
2021-06-11T10:27:49,2000.0,32.5,B
2021-06-11T10:27:47,5000.0,32.5,B
2021-06-11T10:27:46,500.0,32.5,B
2021-06-11T10:27:45,100.0,32.5,B
2021-06-11T10:27:43,15000.0,32.5,B
2021-06-11T10:27:41,700.0,32.5,B
2021-06-11T10:27:40,1000.0,32.5,B
2021-06-11T10:27:39,200.0,32.45,S
2021-06-11T10:27:39,10000.0,32.5,B
2021-06-11T10:27:37,5000.0,32.5,B
2021-06-11T10:27:36,100.0,32.5,B
2021-06-11T10:27:32,1000.0,32.5,B
2021-06-11T10:27:29,3000.0,32.5,B
2021-06-11T10:27:29,1000.0,32.5,B
2021-06-11T10:27:25,3000.0,32.5,B
2021-06-11T10:27:21,2000.0,32.5,B
2021-06-11T10:27:21,21600.0,32.5,B
2021-06-11T10:27:21,10400.0,32.5,B
2021-06-11T10:27:21,118300.0,32.5,B
2021-06-11T10:27:19,10000.0,32.5,B
2021-06-11T10:27:16,200.0,32.5,B
2021-06-11T10:27:10,4800.0,32.45,S
2021-06-11T10:27:10,500.0,32.45,S
2021-06-11T10:27:07,2000.0,32.5,B
2021-06-11T10:27:04,1000.0,32.45,S
2021-06-11T10:27:02,100.0,32.45,S
2021-06-11T10:26:50,800.0,32.45,B
2021-06-11T10:26:44,5000.0,32.5,B
2021-06-11T10:26:44,500.0,32.5,B
2021-06-11T10:26:41,1200.0,32.45,B
2021-06-11T10:26:41,200.0,32.45,B
2021-06-11T10:26:40,1000.0,32.45,B
2021-06-11T10:26:39,10100.0,32.4,S
2021-06-11T10:26:31,1000.0,32.45,B
2021-06-11T10:26:24,500.0,32.45,B
2021-06-11T10:26:24,3000.0,32.45,B
2021-06-11T10:26:23,3800.0,32.45,B
2021-06-11T10:26:23,11200.0,32.45,B
2021-06-11T10:26:20,1000.0,32.45,B
2021-06-11T10:26:20,10000.0,32.45,B
2021-06-11T10:26:19,1000.0,32.45,B
2021-06-11T10:26:19,100.0,32.4,S
2021-06-11T10:26:15,1000.0,32.45,B
2021-06-11T10:26:14,100.0,32.4,S
2021-06-11T10:26:12,300.0,32.45,B
2021-06-11T10:26:08,5000.0,32.45,B
2021-06-11T10:26:06,400.0,32.45,B
2021-06-11T10:26:03,300.0,32.45,B
2021-06-11T10:26:03,1000.0,32.45,B
2021-06-11T10:26:01,200.0,32.45,B
2021-06-11T10:26:01,400.0,32.45,B
2021-06-11T10:25:56,1000.0,32.4,S
2021-06-11T10:25:54,1000.0,32.45,B
2021-06-11T10:25:52,2000.0,32.45,B
2021-06-11T10:25:46,300.0,32.45,B
2021-06-11T10:25:41,3000.0,32.45,B
2021-06-11T10:25:40,400.0,32.45,B
2021-06-11T10:25:35,1000.0,32.4,S
2021-06-11T10:25:30,5000.0,32.45,B
2021-06-11T10:25:24,100.0,32.4,B
2021-06-11T10:25:23,2000.0,32.45,B
2021-06-11T10:25:22,15000.0,32.4,B
2021-06-11T10:25:22,500.0,32.4,B
2021-06-11T10:25:21,100.0,32.45,B
2021-06-11T10:25:19,1000.0,32.4,B
2021-06-11T10:25:18,100.0,32.4,B
2021-06-11T10:25:17,500.0,32.4,B
2021-06-11T10:25:17,59200.0,32.4,B
2021-06-11T10:25:16,500.0,32.35,B
2021-06-11T10:25:12,100.0,32.3,S
2021-06-11T10:25:09,200.0,32.35,B
2021-06-11T10:25:08,5000.0,32.35,B
2021-06-11T10:25:05,100.0,32.35,B
2021-06-11T10:25:03,3000.0,32.35,B
2021-06-11T10:25:03,100.0,32.35,B
2021-06-11T10:24:50,200.0,32.35,B
2021-06-11T10:24:48,100.0,32.3,S
2021-06-11T10:24:43,1000.0,32.3,S
2021-06-11T10:24:39,200.0,32.3,S
2021-06-11T10:24:36,100.0,32.3,S
2021-06-11T10:24:24,1000.0,32.25,S
2021-06-11T10:24:18,100.0,32.3,B
2021-06-11T10:24:13,10000.0,32.25,S
2021-06-11T10:24:05,6700.0,32.3,B
2021-06-11T10:24:05,200.0,32.3,B
2021-06-11T10:24:02,10000.0,32.3,B
2021-06-11T10:24:02,8800.0,32.3,B
2021-06-11T10:24:00,5000.0,32.3,B
2021-06-11T10:23:54,300.0,32.3,B
2021-06-11T10:23:52,1000.0,32.3,B
2021-06-11T10:23:51,200.0,32.3,B
2021-06-11T10:23:49,8000.0,32.3,B
2021-06-11T10:23:48,8000.0,32.3,B
2021-06-11T10:23:46,2000.0,32.3,B
2021-06-11T10:23:46,2000.0,32.3,B
2021-06-11T10:23:42,300.0,32.3,B
2021-06-11T10:23:41,1000.0,32.3,B
2021-06-11T10:23:41,400.0,32.3,B
2021-06-11T10:23:39,5100.0,32.3,B
2021-06-11T10:23:36,8000.0,32.3,B
2021-06-11T10:23:35,1500.0,32.3,B
2021-06-11T10:23:35,1100.0,32.3,B
2021-06-11T10:23:28,1000.0,32.3,B
2021-06-11T10:23:27,600.0,32.3,B
2021-06-11T10:23:27,1200.0,32.3,B
2021-06-11T10:23:25,5200.0,32.3,B
2021-06-11T10:23:25,100.0,32.25,S
2021-06-11T10:23:21,2000.0,32.3,B
2021-06-11T10:23:21,1000.0,32.25,S
2021-06-11T10:23:21,5000.0,32.3,B
2021-06-11T10:23:15,1000.0,32.25,S
2021-06-11T10:23:08,2200.0,32.3,B
2021-06-11T10:23:03,1000.0,32.25,S
2021-06-11T10:22:59,100.0,32.25,S
2021-06-11T10:22:55,100.0,32.3,B
2021-06-11T10:22:46,300.0,32.25,B
2021-06-11T10:22:46,39900.0,32.25,B
2021-06-11T10:22:43,1000.0,32.25,B
2021-06-11T10:22:39,100.0,32.2,S
2021-06-11T10:22:39,500.0,32.25,B
2021-06-11T10:22:31,500.0,32.25,B
2021-06-11T10:22:23,10000.0,32.25,B
2021-06-11T10:22:23,5000.0,32.25,B
2021-06-11T10:22:19,300.0,32.2,B
2021-06-11T10:22:11,1100.0,32.2,B
2021-06-11T10:22:11,400.0,32.2,B
2021-06-11T10:22:11,1000.0,32.2,B
2021-06-11T10:22:10,1500.0,32.2,B
2021-06-11T10:22:09,500.0,32.15,S
2021-06-11T10:22:09,500.0,32.2,B
2021-06-11T10:22:08,1700.0,32.2,B
2021-06-11T10:21:59,4800.0,32.2,B
2021-06-11T10:21:59,25200.0,32.2,B
2021-06-11T10:21:58,500.0,32.2,B
2021-06-11T10:21:54,100.0,32.15,S
2021-06-11T10:21:53,100.0,32.2,B
2021-06-11T10:21:50,1000.0,32.2,B
2021-06-11T10:21:47,5000.0,32.2,B
2021-06-11T10:21:45,200.0,32.15,S
2021-06-11T10:21:45,200.0,32.2,B
2021-06-11T10:21:43,200.0,32.2,B
2021-06-11T10:21:42,500.0,32.15,S
2021-06-11T10:21:41,1000.0,32.15,S
2021-06-11T10:21:37,5000.0,32.2,B
2021-06-11T10:21:37,20000.0,32.2,B
2021-06-11T10:21:35,5000.0,32.2,B
2021-06-11T10:21:33,300.0,32.2,B
2021-06-11T10:21:32,23000.0,32.2,B
2021-06-11T10:21:31,8000.0,32.2,B
2021-06-11T10:21:25,8000.0,32.2,B
2021-06-11T10:21:24,5000.0,32.1,S
2021-06-11T10:21:24,5000.0,32.2,B
2021-06-11T10:21:23,100.0,32.15,B
2021-06-11T10:21:19,4200.0,32.2,B
2021-06-11T10:21:19,170500.0,32.15,B
2021-06-11T10:21:18,25300.0,32.15,B
2021-06-11T10:21:18,3000.0,32.15,B
2021-06-11T10:21:18,4000.0,32.15,B
2021-06-11T10:21:16,300.0,32.1,S
2021-06-11T10:21:16,3000.0,32.15,B
2021-06-11T10:21:15,300.0,32.15,B
2021-06-11T10:21:14,2000.0,32.15,B
2021-06-11T10:21:10,900.0,32.15,B
2021-06-11T10:21:10,2000.0,32.15,B
2021-06-11T10:21:05,5000.0,32.15,B
2021-06-11T10:21:04,5000.0,32.15,B
2021-06-11T10:21:04,5000.0,32.15,B
2021-06-11T10:21:04,1000.0,32.15,B
2021-06-11T10:21:04,200.0,32.1,S
2021-06-11T10:21:02,100.0,32.15,B
2021-06-11T10:20:59,2000.0,32.15,B
2021-06-11T10:20:49,2000.0,32.15,B
2021-06-11T10:20:48,1200.0,32.15,B
2021-06-11T10:20:42,100.0,32.1,S
2021-06-11T10:20:36,400.0,32.1,S
2021-06-11T10:20:35,2000.0,32.15,B
2021-06-11T10:20:27,100.0,32.1,S
2021-06-11T10:20:23,300.0,32.1,S
2021-06-11T10:20:18,11900.0,32.1,B
2021-06-11T10:20:16,1000.0,32.1,B
2021-06-11T10:20:15,4100.0,32.1,B
2021-06-11T10:20:14,200.0,32.1,B
2021-06-11T10:20:13,32000.0,32.1,B
2021-06-11T10:20:12,3500.0,32.05,B
2021-06-11T10:20:12,1200.0,32.05,B
2021-06-11T10:20:07,3000.0,32.05,B
2021-06-11T10:20:00,1800.0,32.05,B
2021-06-11T10:19:57,10000.0,32.05,B
2021-06-11T10:19:53,100.0,32.0,B
2021-06-11T10:19:52,200.0,32.0,B
2021-06-11T10:19:51,5000.0,32.05,B
2021-06-11T10:19:47,27000.0,32.0,B
2021-06-11T10:19:46,5000.0,32.0,B
2021-06-11T10:19:44,1000.0,32.0,B
2021-06-11T10:19:44,6000.0,32.0,B
2021-06-11T10:19:43,2200.0,32.0,B
2021-06-11T10:19:41,2200.0,32.0,B
2021-06-11T10:19:41,2800.0,32.0,B
2021-06-11T10:19:40,3000.0,32.0,B
2021-06-11T10:19:40,1000.0,31.95,S
2021-06-11T10:19:37,14400.0,32.0,B
2021-06-11T10:19:37,100.0,32.0,B
2021-06-11T10:19:37,2400.0,32.0,B
2021-06-11T10:19:37,300.0,32.0,B
2021-06-11T10:19:37,1400.0,32.0,B
2021-06-11T10:19:37,100.0,32.0,B
2021-06-11T10:19:36,1300.0,32.0,B
2021-06-11T10:19:36,20800.0,32.0,B
2021-06-11T10:19:36,700.0,32.0,B
2021-06-11T10:19:36,3000.0,32.0,B
2021-06-11T10:19:36,6500.0,32.0,B
2021-06-11T10:19:32,13500.0,32.0,B
2021-06-11T10:19:32,6600.0,32.0,B
2021-06-11T10:19:32,29900.0,32.0,B
2021-06-11T10:19:32,13500.0,32.0,B
2021-06-11T10:19:31,5000.0,32.0,B
2021-06-11T10:19:30,300.0,32.0,B
2021-06-11T10:19:30,5000.0,32.0,B
2021-06-11T10:19:27,5300.0,32.0,B
2021-06-11T10:19:24,300.0,31.95,S
2021-06-11T10:19:16,27300.0,32.0,B
2021-06-11T10:19:16,22700.0,32.0,B
2021-06-11T10:19:15,50000.0,32.0,B
2021-06-11T10:19:15,100.0,31.95,S
2021-06-11T10:19:14,5600.0,32.0,B
2021-06-11T10:19:13,5500.0,32.0,B
2021-06-11T10:19:03,500.0,31.95,S
2021-06-11T10:19:03,1200.0,31.95,S
2021-06-11T10:18:58,8000.0,32.0,B
2021-06-11T10:18:56,500.0,31.95,S
2021-06-11T10:18:55,3600.0,32.0,B
2021-06-11T10:18:54,200.0,31.95,S
2021-06-11T10:18:52,3000.0,32.0,B
2021-06-11T10:18:48,2600.0,31.95,B
2021-06-11T10:18:44,5000.0,31.95,B
2021-06-11T10:18:41,100.0,31.95,B
2021-06-11T10:18:41,6000.0,31.95,B
2021-06-11T10:18:41,500.0,31.95,B
2021-06-11T10:18:34,2000.0,31.95,B
2021-06-11T10:18:34,400.0,31.95,B
2021-06-11T10:18:34,4000.0,31.95,B
2021-06-11T10:18:34,100.0,31.95,B
2021-06-11T10:18:33,5900.0,31.95,B
2021-06-11T10:18:31,1500.0,31.95,B
2021-06-11T10:18:31,500.0,31.95,B
2021-06-11T10:18:29,300.0,31.95,B
2021-06-11T10:18:29,3000.0,31.95,B
2021-06-11T10:18:26,10000.0,31.9,S
2021-06-11T10:18:26,3000.0,31.95,B
2021-06-11T10:18:26,2000.0,31.95,B
2021-06-11T10:18:24,3400.0,31.95,B
2021-06-11T10:18:22,5000.0,31.95,B
2021-06-11T10:18:18,1000.0,31.95,B
2021-06-11T10:18:15,10000.0,31.95,B
2021-06-11T10:18:14,500.0,31.95,B
2021-06-11T10:18:09,5000.0,31.95,B
2021-06-11T10:18:06,5000.0,31.95,B
2021-06-11T10:18:05,500.0,31.9,S
2021-06-11T10:18:02,2900.0,31.95,B
2021-06-11T10:17:51,5300.0,31.9,S
2021-06-11T10:17:50,500.0,31.9,S
2021-06-11T10:17:42,200.0,31.95,B
2021-06-11T10:17:37,100.0,31.9,B
2021-06-11T10:17:34,600.0,31.95,B
2021-06-11T10:17:33,100.0,31.9,B
2021-06-11T10:17:33,600.0,31.9,B
2021-06-11T10:17:33,700.0,31.9,B
2021-06-11T10:17:31,400.0,31.9,B
2021-06-11T10:17:28,500.0,31.9,B
2021-06-11T10:17:26,2000.0,31.9,B
2021-06-11T10:17:26,2000.0,31.9,B
2021-06-11T10:17:25,5000.0,31.9,B
2021-06-11T10:17:25,3500.0,31.9,B
2021-06-11T10:17:19,200.0,31.9,B
2021-06-11T10:17:17,1700.0,31.9,B
2021-06-11T10:17:13,5000.0,31.9,B
2021-06-11T10:17:07,20000.0,31.9,B
2021-06-11T10:17:05,1000.0,31.85,S
2021-06-11T10:17:04,5000.0,31.9,B
2021-06-11T10:17:04,500.0,31.85,S
2021-06-11T10:17:02,100.0,31.85,S
2021-06-11T10:17:00,1000.0,31.9,B
2021-06-11T10:16:49,5800.0,31.85,B
2021-06-11T10:16:49,500.0,31.85,B
2021-06-11T10:16:47,100.0,31.85,B
2021-06-11T10:16:45,4000.0,31.85,B
2021-06-11T10:16:42,500.0,31.85,B
2021-06-11T10:16:40,1400.0,31.85,B
2021-06-11T10:16:40,3000.0,31.85,B
2021-06-11T10:16:39,200.0,31.85,B
2021-06-11T10:16:37,30000.0,31.85,B
2021-06-11T10:16:36,6000.0,31.85,B
2021-06-11T10:16:33,5000.0,31.85,B
2021-06-11T10:16:31,10000.0,31.85,B
2021-06-11T10:16:29,4000.0,31.85,B
2021-06-11T10:16:24,900.0,31.85,B
2021-06-11T10:16:24,2000.0,31.85,B
2021-06-11T10:16:23,1000.0,31.85,B
2021-06-11T10:16:23,2000.0,31.85,B
2021-06-11T10:16:21,5000.0,31.85,B
2021-06-11T10:16:19,3000.0,31.85,B
2021-06-11T10:16:09,20000.0,31.85,B
2021-06-11T10:16:07,2000.0,31.85,B
2021-06-11T10:16:06,2000.0,31.85,B
2021-06-11T10:15:58,1000.0,31.85,B
2021-06-11T10:15:55,50000.0,31.85,B
2021-06-11T10:15:44,1200.0,31.85,B
2021-06-11T10:15:34,3100.0,31.8,S
2021-06-11T10:15:28,100.0,31.8,S
2021-06-11T10:15:24,500.0,31.8,S
2021-06-11T10:15:19,1000.0,31.85,B
2021-06-11T10:15:13,200.0,31.8,S
2021-06-11T10:15:11,700.0,31.8,B
2021-06-11T10:15:11,52600.0,31.8,B
2021-06-11T10:15:10,6900.0,31.8,B
2021-06-11T10:15:08,10000.0,31.8,B
2021-06-11T10:15:07,4000.0,31.8,B
2021-06-11T10:15:04,18300.0,31.75,S
2021-06-11T10:15:03,100.0,31.8,B
2021-06-11T10:15:03,100.0,31.8,B
2021-06-11T10:15:02,1000.0,31.8,B
2021-06-11T10:14:58,200.0,31.8,B
2021-06-11T10:14:56,3000.0,31.8,B
2021-06-11T10:14:54,20700.0,31.75,S
2021-06-11T10:14:50,100.0,31.75,S
2021-06-11T10:14:47,5000.0,31.8,B
2021-06-11T10:14:46,5000.0,31.8,B
2021-06-11T10:14:41,4000.0,31.8,B
2021-06-11T10:14:38,700.0,31.75,B
2021-06-11T10:14:38,3300.0,31.75,B
2021-06-11T10:14:34,31000.0,31.75,B
2021-06-11T10:14:33,10000.0,31.75,B
2021-06-11T10:14:32,3000.0,31.75,B
2021-06-11T10:14:30,2000.0,31.75,B
2021-06-11T10:14:24,500.0,31.75,B
2021-06-11T10:14:20,3000.0,31.75,B
2021-06-11T10:14:16,300.0,31.75,B
2021-06-11T10:14:14,100.0,31.75,B
2021-06-11T10:14:09,200.0,31.75,B
2021-06-11T10:14:07,200.0,31.75,B
2021-06-11T10:14:07,200.0,31.75,B
2021-06-11T10:14:07,3000.0,31.75,B
2021-06-11T10:14:05,4000.0,31.75,B
2021-06-11T10:14:04,10000.0,31.75,B
2021-06-11T10:14:01,5000.0,31.75,B
2021-06-11T10:13:58,2000.0,31.75,B
2021-06-11T10:13:55,2200.0,31.75,B
2021-06-11T10:13:55,2000.0,31.75,B
2021-06-11T10:13:47,500.0,31.75,B
2021-06-11T10:13:45,2000.0,31.75,B
2021-06-11T10:13:39,5000.0,31.75,B
2021-06-11T10:13:39,500.0,31.75,B
2021-06-11T10:13:35,300.0,31.75,B
2021-06-11T10:13:16,100.0,31.75,B
2021-06-11T10:13:02,300.0,31.7,S
2021-06-11T10:12:58,100.0,31.7,B
2021-06-11T10:12:55,1700.0,31.7,B
2021-06-11T10:12:55,1200.0,31.7,B
2021-06-11T10:12:55,100.0,31.7,B
2021-06-11T10:12:49,35000.0,31.7,B
2021-06-11T10:12:49,2000.0,31.7,B
2021-06-11T10:12:39,100.0,31.65,S
2021-06-11T10:12:38,1900.0,31.7,B
2021-06-11T10:12:30,1900.0,31.7,B
2021-06-11T10:12:29,100.0,31.65,B
2021-06-11T10:12:25,17100.0,31.65,B
2021-06-11T10:12:25,2000.0,31.65,B
2021-06-11T10:12:23,1000.0,31.65,B
2021-06-11T10:12:20,400.0,31.65,B
2021-06-11T10:12:18,3000.0,31.65,B
2021-06-11T10:12:13,400.0,31.65,B
2021-06-11T10:12:04,2600.0,31.6,S
2021-06-11T10:12:04,12400.0,31.6,S
2021-06-11T10:12:00,500.0,31.65,B
2021-06-11T10:11:53,5000.0,31.65,B
2021-06-11T10:11:52,300.0,31.65,B
2021-06-11T10:11:39,200.0,31.65,B
2021-06-11T10:11:35,100.0,31.65,B
2021-06-11T10:11:32,10000.0,31.6,S
2021-06-11T10:11:28,6400.0,31.65,B
2021-06-11T10:11:24,3000.0,31.65,B
2021-06-11T10:11:16,6600.0,31.6,B
2021-06-11T10:11:11,5000.0,31.6,B
2021-06-11T10:11:09,4000.0,31.6,B
2021-06-11T10:11:05,2000.0,31.6,B
2021-06-11T10:11:01,500.0,31.55,S
2021-06-11T10:10:59,10000.0,31.6,B
2021-06-11T10:10:58,10200.0,31.6,B
2021-06-11T10:10:56,500.0,31.6,B
2021-06-11T10:10:56,2000.0,31.6,B
2021-06-11T10:10:54,10000.0,31.55,S
2021-06-11T10:10:54,2000.0,31.6,B
2021-06-11T10:10:51,200.0,31.6,B
2021-06-11T10:10:46,10000.0,31.6,B
2021-06-11T10:10:40,3000.0,31.55,S
2021-06-11T10:10:38,100000.0,31.6,B
2021-06-11T10:10:30,7000.0,31.6,B
2021-06-11T10:10:26,1000.0,31.6,B
2021-06-11T10:10:24,200.0,31.55,S
2021-06-11T10:10:24,4500.0,31.6,B
2021-06-11T10:10:24,500.0,31.6,B
2021-06-11T10:10:22,500.0,31.6,B
2021-06-11T10:10:20,2000.0,31.6,B
2021-06-11T10:10:11,500.0,31.55,B
2021-06-11T10:10:11,9500.0,31.55,B
2021-06-11T10:10:08,100.0,31.55,B
2021-06-11T10:10:02,5000.0,31.55,B
2021-06-11T10:10:01,1000.0,31.55,B
2021-06-11T10:09:58,300.0,31.55,B
2021-06-11T10:09:56,10300.0,31.55,B
2021-06-11T10:09:51,5000.0,31.55,B
2021-06-11T10:09:51,3000.0,31.55,B
2021-06-11T10:09:46,600.0,31.55,B
2021-06-11T10:09:42,1000.0,31.55,B
2021-06-11T10:09:36,800.0,31.55,B
2021-06-11T10:09:35,2000.0,31.55,B
2021-06-11T10:09:34,2000.0,31.55,B
2021-06-11T10:09:30,1000.0,31.55,B
2021-06-11T10:09:23,5000.0,31.55,B
2021-06-11T10:09:21,6000.0,31.55,B
2021-06-11T10:09:18,1200.0,31.55,B
2021-06-11T10:09:18,100.0,31.5,S
2021-06-11T10:09:14,3000.0,31.55,B
2021-06-11T10:09:06,15000.0,31.5,S
2021-06-11T10:09:04,31500.0,31.5,S
2021-06-11T10:08:55,3600.0,31.55,B
2021-06-11T10:08:50,500.0,31.5,S
2021-06-11T10:08:49,2100.0,31.5,S
2021-06-11T10:08:46,500.0,31.55,B
2021-06-11T10:08:45,1000.0,31.55,B
2021-06-11T10:08:41,200.0,31.5,S
2021-06-11T10:08:40,200.0,31.55,B
2021-06-11T10:08:39,300.0,31.5,S
2021-06-11T10:08:33,2000.0,31.55,B
2021-06-11T10:08:30,100.0,31.5,S
2021-06-11T10:08:28,1000.0,31.5,S
2021-06-11T10:08:13,200.0,31.5,S
2021-06-11T10:08:04,1000.0,31.5,S
2021-06-11T10:07:48,1000.0,31.5,B
2021-06-11T10:07:48,2100.0,31.5,B
2021-06-11T10:07:48,1500.0,31.5,B
2021-06-11T10:07:48,100.0,31.5,B
2021-06-11T10:07:48,40300.0,31.5,B
2021-06-11T10:07:42,1000.0,31.5,B
2021-06-11T10:07:36,3000.0,31.5,B
2021-06-11T10:07:31,300.0,31.5,B
2021-06-11T10:07:30,1000.0,31.5,B
2021-06-11T10:07:22,2000.0,31.5,B
2021-06-11T10:07:19,5000.0,31.5,B
2021-06-11T10:07:19,2300.0,31.5,B
2021-06-11T10:07:19,1200.0,31.5,B
2021-06-11T10:07:19,1000.0,31.5,B
2021-06-11T10:07:11,2000.0,31.5,B
2021-06-11T10:07:07,5000.0,31.5,B
2021-06-11T10:07:04,400.0,31.5,B
2021-06-11T10:07:04,1000.0,31.5,B
2021-06-11T10:07:02,3000.0,31.5,B
2021-06-11T10:07:00,1000.0,31.5,B
2021-06-11T10:06:57,2000.0,31.5,B
2021-06-11T10:06:56,500.0,31.5,B
2021-06-11T10:06:39,10000.0,31.5,B
2021-06-11T10:06:22,1000.0,31.45,S
2021-06-11T10:06:11,9100.0,31.5,B
2021-06-11T10:06:04,200.0,31.5,B
2021-06-11T10:06:02,400.0,31.5,B
2021-06-11T10:05:51,5000.0,31.5,B
2021-06-11T10:05:47,3000.0,31.5,B
2021-06-11T10:05:40,1000.0,31.5,B
2021-06-11T10:05:39,2000.0,31.5,B
2021-06-11T10:05:35,9500.0,31.45,B
2021-06-11T10:05:33,4000.0,31.45,B
2021-06-11T10:05:18,500.0,31.45,B
2021-06-11T10:05:17,1100.0,31.45,B
2021-06-11T10:05:12,700.0,31.4,S
2021-06-11T10:05:07,100.0,31.4,S
2021-06-11T10:05:00,100.0,31.45,B
2021-06-11T10:04:59,700.0,31.45,B
2021-06-11T10:04:53,2000.0,31.45,B
2021-06-11T10:04:52,1900.0,31.45,B
2021-06-11T10:04:47,2300.0,31.45,B
2021-06-11T10:04:46,200.0,31.45,B
2021-06-11T10:04:41,1500.0,31.45,B
2021-06-11T10:04:31,5000.0,31.45,B
2021-06-11T10:04:29,10000.0,31.45,B
2021-06-11T10:04:22,1500.0,31.45,B
2021-06-11T10:04:15,1000.0,31.45,B
2021-06-11T10:04:03,200.0,31.4,S
2021-06-11T10:04:03,3000.0,31.45,B
2021-06-11T10:04:03,1500.0,31.45,B
2021-06-11T10:03:50,600.0,31.45,B
2021-06-11T10:03:44,2000.0,31.45,B
2021-06-11T10:02:38,5000.0,31.45,B
2021-06-11T10:02:35,100.0,31.4,S
2021-06-11T10:02:34,3000.0,31.45,B
2021-06-11T10:02:30,2000.0,31.45,B
2021-06-11T10:02:14,3000.0,31.4,S
2021-06-11T10:02:07,6400.0,31.4,S
2021-06-11T10:02:05,800.0,31.4,S
2021-06-11T10:02:02,100.0,31.4,S
2021-06-11T10:01:58,500.0,31.4,S
2021-06-11T10:01:56,15000.0,31.45,B
2021-06-11T10:01:30,300.0,31.4,S
2021-06-11T10:01:24,1000.0,31.4,S
2021-06-11T10:01:24,100.0,31.4,S
2021-06-11T10:01:17,20000.0,31.45,B
2021-06-11T10:01:13,500.0,31.4,B
2021-06-11T10:01:08,1100.0,31.4,B
2021-06-11T10:01:07,3000.0,31.4,B
2021-06-11T10:01:05,500.0,31.35,S
2021-06-11T10:01:03,2000.0,31.4,B
2021-06-11T10:00:59,1000.0,31.4,B
2021-06-11T10:00:45,10000.0,31.35,S
2021-06-11T10:00:45,500.0,31.4,B
2021-06-11T10:00:25,500.0,31.4,S
2021-06-11T10:00:19,8800.0,31.4,S
2021-06-11T10:00:05,300.0,31.4,S
2021-06-11T10:00:02,500.0,31.4,S
2021-06-11T09:59:52,2000.0,31.4,S
2021-06-11T09:59:52,800.0,31.45,B
2021-06-11T09:59:45,300.0,31.4,S
2021-06-11T09:59:37,500.0,31.4,B
2021-06-11T09:59:24,100.0,31.4,B
2021-06-11T09:59:24,500.0,31.35,S
2021-06-11T09:59:20,7800.0,31.45,B
2021-06-11T09:59:20,500.0,31.4,B
2021-06-11T09:59:20,1700.0,31.4,B
2021-06-11T09:59:15,1000.0,31.4,B
2021-06-11T09:59:00,17100.0,31.4,B
2021-06-11T09:58:56,600.0,31.4,B
2021-06-11T09:58:55,4000.0,31.4,B
2021-06-11T09:58:54,100.0,31.4,B
2021-06-11T09:58:45,5000.0,31.4,B
2021-06-11T09:58:36,1000.0,31.4,B
2021-06-11T09:58:30,2000.0,31.4,B
2021-06-11T09:58:25,500.0,31.35,S
2021-06-11T09:58:14,12000.0,31.4,B
2021-06-11T09:58:11,1000.0,31.35,S
2021-06-11T09:57:54,1200.0,31.35,S
2021-06-11T09:57:45,100.0,31.35,S
2021-06-11T09:57:36,6000.0,31.4,B
2021-06-11T09:57:34,2000.0,31.4,B
2021-06-11T09:57:32,800.0,31.35,S
2021-06-11T09:57:30,3000.0,31.4,B
2021-06-11T09:57:29,5000.0,31.4,B
2021-06-11T09:57:25,1600.0,31.35,S
2021-06-11T09:56:55,100.0,31.35,B
2021-06-11T09:56:49,10000.0,31.4,B
2021-06-11T09:56:35,6000.0,31.35,B
2021-06-11T09:56:27,500.0,31.35,B
2021-06-11T09:56:27,1000.0,31.35,B
2021-06-11T09:56:27,200.0,31.35,B
2021-06-11T09:56:25,1000.0,31.35,B
2021-06-11T09:56:23,4000.0,31.35,B
2021-06-11T09:56:21,2000.0,31.35,B
2021-06-11T09:56:11,400.0,31.3,S
2021-06-11T09:56:09,8000.0,31.3,S
2021-06-11T09:56:07,2000.0,31.35,B
2021-06-11T09:55:58,5000.0,31.35,B
2021-06-11T09:55:52,3000.0,31.35,B
2021-06-11T09:55:48,1000.0,31.35,B
2021-06-11T09:55:46,100.0,31.3,B
2021-06-11T09:55:46,1700.0,31.3,B
2021-06-11T09:55:46,3600.0,31.3,B
2021-06-11T09:55:43,200.0,31.3,B
2021-06-11T09:55:39,100.0,31.3,B
2021-06-11T09:55:34,1000.0,31.3,B
2021-06-11T09:55:25,100.0,31.3,B
2021-06-11T09:55:25,1200.0,31.3,B
2021-06-11T09:55:25,2600.0,31.3,B
2021-06-11T09:55:25,6100.0,31.3,B
2021-06-11T09:55:22,300.0,31.3,B
2021-06-11T09:55:19,1000.0,31.3,B
2021-06-11T09:55:17,1000.0,31.3,B
2021-06-11T09:55:12,2000.0,31.3,B
2021-06-11T09:55:09,1000.0,31.3,B
2021-06-11T09:55:05,5000.0,31.3,B
2021-06-11T09:55:03,5000.0,31.25,S
2021-06-11T09:55:02,3000.0,31.3,B
2021-06-11T09:54:53,2000.0,31.3,B
2021-06-11T09:54:53,30000.0,31.3,B
2021-06-11T09:54:34,1000.0,31.3,B
2021-06-11T09:54:31,5000.0,31.3,B
2021-06-11T09:54:25,200.0,31.3,B
2021-06-11T09:54:21,4000.0,31.3,B
2021-06-11T09:54:14,1000.0,31.3,B
2021-06-11T09:54:11,6000.0,31.25,S
2021-06-11T09:54:08,3000.0,31.3,B
2021-06-11T09:54:00,2000.0,31.3,B
2021-06-11T09:53:57,1000.0,31.3,B
2021-06-11T09:53:57,5000.0,31.25,S
2021-06-11T09:53:54,2000.0,31.3,B
2021-06-11T09:53:54,2000.0,31.3,B
2021-06-11T09:53:40,1000.0,31.3,B
2021-06-11T09:53:33,10100.0,31.3,B
2021-06-11T09:53:31,2000.0,31.3,B
2021-06-11T09:53:25,5500.0,31.25,S
2021-06-11T09:53:21,1000.0,31.3,B
2021-06-11T09:53:18,500.0,31.3,B
2021-06-11T09:53:18,3000.0,31.3,B
2021-06-11T09:53:04,200.0,31.3,B
2021-06-11T09:53:00,3900.0,31.3,B
2021-06-11T09:52:57,1000.0,31.3,B
2021-06-11T09:52:55,1400.0,31.25,B
2021-06-11T09:52:48,2000.0,31.25,B
2021-06-11T09:52:43,1000.0,31.25,B
2021-06-11T09:52:37,3000.0,31.25,B
2021-06-11T09:52:32,2000.0,31.25,B
2021-06-11T09:52:14,100.0,31.2,S
2021-06-11T09:52:06,500.0,31.25,B
2021-06-11T09:51:33,100.0,31.2,B
2021-06-11T09:51:32,2000.0,31.25,B
2021-06-11T09:51:26,500.0,31.2,B
2021-06-11T09:51:17,16700.0,31.2,B
2021-06-11T09:51:15,500.0,31.2,B
2021-06-11T09:51:06,3000.0,31.2,B
2021-06-11T09:50:58,500.0,31.2,B
2021-06-11T09:50:45,1300.0,31.2,B
2021-06-11T09:50:27,1000.0,31.2,B
2021-06-11T09:50:25,100.0,31.2,B
2021-06-11T09:50:18,1000.0,31.2,B
2021-06-11T09:50:02,100.0,31.2,B
2021-06-11T09:49:37,5000.0,31.2,B
2021-06-11T09:49:36,3000.0,31.2,B
2021-06-11T09:49:34,1000.0,31.2,B
2021-06-11T09:49:33,1000.0,31.2,B
2021-06-11T09:49:24,2000.0,31.2,B
2021-06-11T09:49:22,1200.0,31.2,B
2021-06-11T09:48:58,1000.0,31.2,B
2021-06-11T09:48:42,800.0,31.2,B
2021-06-11T09:48:16,3400.0,31.2,B
2021-06-11T09:48:13,100.0,31.2,B
2021-06-11T09:47:49,1000.0,31.2,B
2021-06-11T09:47:45,1000.0,31.2,B
2021-06-11T09:47:29,10000.0,31.2,B
2021-06-11T09:47:28,500.0,31.1,S
2021-06-11T09:47:05,8800.0,31.2,B
2021-06-11T09:46:43,1000.0,31.2,B
2021-06-11T09:46:39,3000.0,31.2,B
2021-06-11T09:46:30,2000.0,31.2,B
2021-06-11T09:46:18,900.0,31.2,B
2021-06-11T09:46:12,1400.0,31.2,B
2021-06-11T09:45:25,9000.0,31.2,B
2021-06-11T09:45:19,3200.0,31.1,S
2021-06-11T09:45:04,1000.0,31.2,B
2021-06-11T09:45:03,1600.0,31.1,S
2021-06-11T09:44:58,5000.0,31.2,B
2021-06-11T09:44:55,4000.0,31.2,B
2021-06-11T09:44:44,100.0,31.15,B
2021-06-11T09:44:40,200.0,31.15,B
2021-06-11T09:44:26,35000.0,31.15,B
2021-06-11T09:44:14,1000.0,31.1,B
2021-06-11T09:44:05,5000.0,31.1,B
2021-06-11T09:44:03,1000.0,31.1,B
2021-06-11T09:44:01,200.0,31.1,B
2021-06-11T09:43:54,500.0,31.1,B
2021-06-11T09:43:31,1000.0,31.1,B
2021-06-11T09:43:24,3000.0,31.1,B
2021-06-11T09:43:22,4000.0,31.1,B
2021-06-11T09:43:22,3000.0,31.1,B
2021-06-11T09:43:17,2000.0,31.1,B
2021-06-11T09:43:08,1000.0,31.1,B
2021-06-11T09:42:59,3000.0,31.1,B
2021-06-11T09:42:52,2000.0,31.1,B
2021-06-11T09:42:38,100.0,31.05,B
2021-06-11T09:42:20,6300.0,31.05,B
2021-06-11T09:42:18,500.0,31.05,B
2021-06-11T09:41:49,3600.0,31.05,S
2021-06-11T09:41:44,2000.0,31.05,S
2021-06-11T09:41:37,5000.0,31.05,S
2021-06-11T09:41:23,400.0,31.1,B
2021-06-11T09:41:19,1000.0,31.05,B
2021-06-11T09:41:08,4000.0,31.1,B
2021-06-11T09:41:03,8000.0,31.05,B
2021-06-11T09:40:57,2000.0,31.05,B
2021-06-11T09:40:50,1000.0,31.05,B
2021-06-11T09:40:39,200.0,31.05,B
2021-06-11T09:40:39,700.0,31.05,B
2021-06-11T09:40:32,2300.0,31.05,B
2021-06-11T09:40:27,2700.0,31.05,B
2021-06-11T09:40:16,700.0,31.05,B
2021-06-11T09:40:15,5000.0,31.05,B
2021-06-11T09:40:14,2000.0,31.05,B
2021-06-11T09:40:04,1000.0,31.05,B
2021-06-11T09:39:49,400.0,31.05,B
2021-06-11T09:39:34,9700.0,31.1,S
2021-06-11T09:39:33,2000.0,31.1,S
2021-06-11T09:39:29,9000.0,31.1,S
2021-06-11T09:39:19,700.0,31.1,S
2021-06-11T09:38:53,300.0,31.1,B
2021-06-11T09:38:48,200.0,31.1,B
2021-06-11T09:38:48,21800.0,31.1,B
2021-06-11T09:38:47,28400.0,31.1,B
2021-06-11T09:38:34,100.0,31.0,S
2021-06-11T09:38:34,17900.0,31.0,S
2021-06-11T09:38:30,11500.0,31.0,S
2021-06-11T09:38:22,5000.0,31.0,S
2021-06-11T09:38:06,200.0,31.0,S
2021-06-11T09:37:52,500.0,31.0,B
2021-06-11T09:37:51,200.0,31.0,B
2021-06-11T09:37:40,7200.0,31.0,B
2021-06-11T09:37:37,5000.0,31.0,B
2021-06-11T09:37:31,2500.0,30.95,S
2021-06-11T09:37:27,3000.0,31.0,B
2021-06-11T09:37:25,5000.0,31.0,B
2021-06-11T09:37:14,400.0,30.95,S
2021-06-11T09:37:12,5000.0,31.0,B
2021-06-11T09:37:12,300.0,31.0,B
2021-06-11T09:37:07,1000.0,30.95,S
2021-06-11T09:37:06,1000.0,31.0,B
2021-06-11T09:36:59,3000.0,31.0,B
2021-06-11T09:36:51,2000.0,31.0,B
2021-06-11T09:36:49,100.0,30.95,S
2021-06-11T09:36:48,5000.0,31.0,B
2021-06-11T09:36:46,10000.0,30.95,S
2021-06-11T09:36:34,10000.0,31.0,B
2021-06-11T09:36:31,200.0,31.0,B
2021-06-11T09:36:27,1000.0,30.95,S
2021-06-11T09:36:26,10000.0,31.0,B
2021-06-11T09:36:18,1000.0,31.0,B
2021-06-11T09:36:11,100.0,31.0,B
2021-06-11T09:36:05,4000.0,31.0,B
2021-06-11T09:36:03,2400.0,31.0,B
2021-06-11T09:36:03,2600.0,31.0,B
2021-06-11T09:35:58,2000.0,31.0,B
2021-06-11T09:35:57,2000.0,30.95,S
2021-06-11T09:35:56,2600.0,31.0,B
2021-06-11T09:35:49,300.0,31.0,B
2021-06-11T09:35:49,2000.0,31.0,B
2021-06-11T09:35:43,200.0,31.0,B
2021-06-11T09:35:38,100.0,31.0,B
2021-06-11T09:35:35,1000.0,31.0,B
2021-06-11T09:35:10,1000.0,31.0,B
2021-06-11T09:34:44,400.0,30.95,S
2021-06-11T09:33:53,2700.0,31.0,S
2021-06-11T09:33:53,15800.0,31.0,S
2021-06-11T09:33:51,5900.0,31.0,S
2021-06-11T09:33:49,300.0,31.0,S
2021-06-11T09:33:48,500.0,31.0,S
2021-06-11T09:33:48,300.0,31.0,S
2021-06-11T09:33:48,20000.0,31.0,S
2021-06-11T09:33:46,100.0,31.0,S
2021-06-11T09:33:32,1000.0,31.0,S
2021-06-11T09:33:15,103000.0,31.0,S
2021-06-11T09:33:14,30000.0,31.0,S
2021-06-11T09:33:10,32200.0,31.0,S
2021-06-11T09:33:10,5400.0,31.0,S
2021-06-11T09:33:10,62400.0,31.0,S
2021-06-11T09:33:09,3000.0,31.05,S
2021-06-11T09:32:57,4000.0,31.05,S
2021-06-11T09:32:55,1000.0,31.1,S
2021-06-11T09:32:37,1000.0,31.05,S
2021-06-11T09:32:34,10000.0,31.05,S
2021-06-11T09:32:33,9500.0,31.05,S
2021-06-11T09:32:25,200.0,31.05,S
2021-06-11T09:32:22,15000.0,31.05,S
2021-06-11T09:32:13,100.0,31.2,B
2021-06-11T09:32:03,49200.0,31.05,S
2021-06-11T09:32:03,3600.0,31.1,S
2021-06-11T09:32:02,1000.0,31.2,S
2021-06-11T09:31:58,15000.0,31.1,S
2021-06-11T09:31:51,20000.0,31.1,S
2021-06-11T09:31:48,30000.0,31.1,S
2021-06-11T09:31:22,3200.0,31.15,S
2021-06-11T09:31:22,12000.0,31.15,S
2021-06-11T09:31:22,40400.0,31.15,S
2021-06-11T09:31:20,1000.0,31.2,S
2021-06-11T09:31:15,15200.0,31.2,S
2021-06-11T09:31:11,2000.0,31.2,S
2021-06-11T09:30:50,2500.0,31.2,S
2021-06-11T09:30:49,2000.0,31.2,S
2021-06-11T09:30:48,2000.0,31.2,S
2021-06-11T09:30:46,100.0,31.2,S
2021-06-11T09:30:44,10000.0,31.2,S
2021-06-11T09:30:30,2000.0,31.2,S
2021-06-11T09:30:25,1000.0,31.2,S
2021-06-11T09:30:11,6000.0,31.2,S
2021-06-11T09:30:03,20000.0,31.3,B
2021-06-11T09:29:57,3400.0,31.2,S
2021-06-11T09:29:53,400.0,31.3,S
2021-06-11T09:29:51,100000.0,31.2,S
2021-06-11T09:29:50,2000.0,31.25,S
2021-06-11T09:29:48,1400.0,31.3,S
2021-06-11T09:29:45,41200.0,31.25,S
2021-06-11T09:29:41,300.0,31.25,S
2021-06-11T09:29:22,6000.0,31.3,S
2021-06-11T09:29:08,4000.0,31.3,S
2021-06-11T09:29:06,49000.0,31.3,S
2021-06-11T09:29:01,5000.0,31.3,S
2021-06-11T09:29:00,5000.0,31.35,B
2021-06-11T09:28:57,2000.0,31.35,B
2021-06-11T09:28:57,5000.0,31.3,S
2021-06-11T09:28:53,3000.0,31.35,B
2021-06-11T09:28:51,3000.0,31.3,S
2021-06-11T09:28:48,1000.0,31.35,B
2021-06-11T09:28:41,2000.0,31.35,B
2021-06-11T09:28:39,2500.0,31.3,S
2021-06-11T09:28:38,1000.0,31.35,B
2021-06-11T09:28:35,5000.0,31.3,S
2021-06-11T09:28:34,100.0,31.3,S
2021-06-11T09:28:16,5000.0,31.3,S
2021-06-11T09:28:04,1000.0,31.35,B
2021-06-11T09:28:01,5000.0,31.35,B
2021-06-11T09:27:53,2000.0,31.3,S
2021-06-11T09:27:52,600.0,31.35,B
2021-06-11T09:27:48,6000.0,31.35,B
2021-06-11T09:27:44,1000.0,31.3,S
2021-06-11T09:27:43,5000.0,31.35,B
2021-06-11T09:27:41,200.0,31.3,S
2021-06-11T09:27:38,2600.0,31.35,B
2021-06-11T09:27:38,1000.0,31.3,S
2021-06-11T09:27:33,10000.0,31.3,B
2021-06-11T09:27:30,13500.0,31.3,B
2021-06-11T09:27:29,200.0,31.3,B
2021-06-11T09:27:19,3000.0,31.3,B
2021-06-11T09:27:12,500.0,31.3,B
2021-06-11T09:27:02,100.0,31.3,B
2021-06-11T09:26:56,200.0,31.3,B
2021-06-11T09:26:48,5000.0,31.3,B
2021-06-11T09:26:43,3000.0,31.3,B
2021-06-11T09:26:41,18000.0,31.3,B
2021-06-11T09:26:39,2000.0,31.3,B
2021-06-11T09:26:35,500.0,31.25,S
2021-06-11T09:26:13,1000.0,31.3,B
2021-06-11T09:26:01,1000.0,31.3,B
2021-06-11T09:25:58,5000.0,31.3,B
2021-06-11T09:25:44,2000.0,31.3,B
2021-06-11T09:25:41,6000.0,31.2,S
2021-06-11T09:25:17,6000.0,31.3,B
2021-06-11T09:25:11,3000.0,31.25,S
2021-06-11T09:25:07,600.0,31.2,S
2021-06-11T09:25:05,2000.0,31.2,S
2021-06-11T09:25:01,2000.0,31.25,S
2021-06-11T09:24:54,500.0,31.25,S
2021-06-11T09:24:51,100.0,31.25,S
2021-06-11T09:24:49,5000.0,31.25,S
2021-06-11T09:24:49,500.0,31.25,S
2021-06-11T09:24:49,200.0,31.25,S
2021-06-11T09:24:47,29200.0,31.25,S
2021-06-11T09:24:44,500.0,31.25,S
2021-06-11T09:24:32,500.0,31.3,B
2021-06-11T09:24:30,500.0,31.3,B
2021-06-11T09:24:18,4200.0,31.3,B
2021-06-11T09:24:11,10000.0,31.3,B
2021-06-11T09:24:09,1000.0,31.3,B
2021-06-11T09:24:04,3000.0,31.3,B
2021-06-11T09:24:04,5000.0,31.3,B
2021-06-11T09:23:59,2000.0,31.3,B
2021-06-11T09:23:56,1000.0,31.3,B
2021-06-11T09:23:55,1500.0,31.3,B
2021-06-11T09:23:54,500.0,31.25,S
2021-06-11T09:23:48,10000.0,31.3,B
2021-06-11T09:23:41,7000.0,31.3,B
2021-06-11T09:23:35,5000.0,31.3,B
2021-06-11T09:23:31,3000.0,31.3,B
2021-06-11T09:23:26,10000.0,31.3,B
2021-06-11T09:23:15,2000.0,31.3,B
2021-06-11T09:23:15,2000.0,31.3,B
2021-06-11T09:23:05,100.0,31.3,B
2021-06-11T09:23:04,3000.0,31.3,B
2021-06-11T09:22:53,100.0,31.3,B
2021-06-11T09:22:53,6000.0,31.3,B
2021-06-11T09:22:48,4000.0,31.3,B
2021-06-11T09:22:44,2200.0,31.3,B
2021-06-11T09:22:39,7000.0,31.3,B
2021-06-11T09:22:34,5300.0,31.25,B
2021-06-11T09:22:34,5000.0,31.25,B
2021-06-11T09:22:33,6500.0,31.25,B
2021-06-11T09:22:32,4000.0,31.25,B
2021-06-11T09:22:30,1000.0,31.25,B
2021-06-11T09:22:26,2000.0,31.25,B
2021-06-11T09:22:20,1000.0,31.25,B
2021-06-11T09:22:15,5000.0,31.25,B
2021-06-11T09:22:13,6000.0,31.25,B
2021-06-11T09:22:09,8900.0,31.25,B
2021-06-11T09:22:05,3000.0,31.25,B
2021-06-11T09:21:58,2000.0,31.25,B
2021-06-11T09:21:56,3000.0,31.2,S
2021-06-11T09:21:51,200.0,31.2,S
2021-06-11T09:21:40,100.0,31.25,B
2021-06-11T09:21:27,900.0,31.2,B
2021-06-11T09:21:14,100.0,31.2,B
2021-06-11T09:21:12,2000.0,31.2,B
2021-06-11T09:21:07,1000.0,31.2,B
2021-06-11T09:20:57,200.0,31.2,B
2021-06-11T09:20:54,2000.0,31.2,B
2021-06-11T09:20:45,500.0,31.2,B
2021-06-11T09:20:40,1000.0,31.2,B
2021-06-11T09:20:29,7000.0,31.2,B
2021-06-11T09:20:29,300.0,31.2,B
2021-06-11T09:20:28,1200.0,31.2,B
2021-06-11T09:20:27,1000.0,31.15,S
2021-06-11T09:20:25,100.0,31.2,B
2021-06-11T09:20:03,4000.0,31.2,B
2021-06-11T09:19:48,300.0,31.2,B
2021-06-11T09:19:34,300.0,31.2,B
2021-06-11T09:19:34,2000.0,31.2,B
2021-06-11T09:19:30,4000.0,31.2,B
2021-06-11T09:19:21,10000.0,31.2,B
2021-06-11T09:19:17,8000.0,31.2,B
2021-06-11T09:19:16,2900.0,31.2,B
2021-06-11T09:19:15,16000.0,31.2,B
2021-06-11T09:19:12,5000.0,31.2,B
2021-06-11T09:19:11,3000.0,31.2,B
2021-06-11T09:19:05,1000.0,31.2,B
2021-06-11T09:18:37,2700.0,31.15,B
2021-06-11T09:18:33,30000.0,31.15,B
2021-06-11T09:18:32,3000.0,31.15,B
2021-06-11T09:18:26,3300.0,31.15,B
2021-06-11T09:18:24,100.0,31.15,B
2021-06-11T09:18:16,100.0,31.15,B
2021-06-11T09:18:14,100.0,31.15,B
2021-06-11T09:18:00,500.0,31.15,B
2021-06-11T09:17:24,4000.0,31.15,B
2021-06-11T09:17:20,5000.0,31.05,S
2021-06-11T09:17:08,500.0,31.1,B
2021-06-11T09:16:57,300.0,31.1,B
2021-06-11T09:16:11,200.0,31.1,B
2021-06-11T09:16:05,300.0,31.05,S
2021-06-11T09:15:56,1000.0,31.05,S
