tradingTime,volume,price,side
2021-06-11T14:30:42,100.0,34.15,B
2021-06-11T14:30:27,1500.0,34.2,B
2021-06-11T14:30:07,2800.0,34.2,B
2021-06-11T14:30:07,200.0,34.1,S
2021-06-11T14:29:51,200.0,34.1,S
2021-06-11T14:29:48,2000.0,34.1,S
2021-06-11T14:28:51,20000.0,34.2,B
2021-06-11T14:28:33,1000.0,34.1,S
2021-06-11T14:28:28,2000.0,34.1,S
2021-06-11T14:28:16,2000.0,34.05,S
2021-06-11T14:27:57,2000.0,34.05,S
2021-06-11T14:27:36,28400.0,34.05,S
2021-06-11T14:27:36,1600.0,34.1,S
2021-06-11T14:27:36,5100.0,34.1,S
2021-06-11T14:27:36,4900.0,34.1,S
2021-06-11T14:27:06,100.0,34.1,S
2021-06-11T14:26:27,5700.0,34.2,B
2021-06-11T14:26:27,1000.0,34.2,B
2021-06-11T14:26:27,3300.0,34.2,B
2021-06-11T14:26:17,100.0,34.15,B
2021-06-11T14:26:12,4000.0,34.1,S
2021-06-11T14:25:52,100.0,34.1,S
2021-06-11T14:25:45,200.0,34.15,B
2021-06-11T14:25:34,1000.0,34.15,B
2021-06-11T14:25:28,1000.0,34.1,S
2021-06-11T14:25:01,200.0,34.15,B
2021-06-11T14:25:01,1000.0,34.1,S
2021-06-11T14:24:56,1000.0,34.15,B
2021-06-11T14:24:21,100.0,34.1,S
2021-06-11T14:24:09,2000.0,34.1,S
2021-06-11T14:24:02,100.0,34.1,S
2021-06-11T14:23:54,8500.0,34.2,B
2021-06-11T14:23:54,11500.0,34.2,B
2021-06-11T14:23:34,100.0,34.1,S
2021-06-11T14:23:29,500.0,34.1,S
2021-06-11T14:23:26,300.0,34.1,S
2021-06-11T14:21:47,200.0,34.1,S
2021-06-11T14:21:05,1300.0,34.05,S
2021-06-11T14:20:56,200.0,34.1,B
2021-06-11T14:20:54,200.0,34.1,B
2021-06-11T14:20:42,300.0,34.1,B
2021-06-11T14:20:39,100.0,34.1,B
2021-06-11T14:20:39,1200.0,34.1,B
2021-06-11T14:20:39,4100.0,34.1,B
2021-06-11T14:20:39,2300.0,34.1,B
2021-06-11T14:20:39,700.0,34.1,B
2021-06-11T14:19:59,10400.0,34.05,B
2021-06-11T14:19:56,100.0,34.0,S
2021-06-11T14:19:48,100.0,34.05,B
2021-06-11T14:19:32,5900.0,34.0,S
2021-06-11T14:19:32,1000.0,34.0,S
2021-06-11T14:19:32,2200.0,34.0,S
2021-06-11T14:19:32,300.0,34.0,S
2021-06-11T14:19:32,600.0,34.0,S
2021-06-11T14:19:32,200.0,34.0,S
2021-06-11T14:19:17,100.0,34.05,B
2021-06-11T14:19:08,5000.0,34.05,B
2021-06-11T14:19:01,500.0,34.0,S
2021-06-11T14:18:57,300.0,34.05,B
2021-06-11T14:18:55,100.0,34.05,B
2021-06-11T14:18:18,700.0,34.05,B
2021-06-11T14:17:15,1600.0,34.05,B
2021-06-11T14:17:08,500.0,34.05,B
2021-06-11T14:16:22,100.0,34.05,B
2021-06-11T14:16:11,700.0,34.05,B
2021-06-11T14:15:59,1600.0,34.05,B
2021-06-11T14:15:57,1500.0,34.05,B
2021-06-11T14:15:37,500.0,34.0,S
2021-06-11T14:15:33,1600.0,34.05,B
2021-06-11T14:15:12,2000.0,34.05,B
2021-06-11T14:15:08,3000.0,34.0,S
2021-06-11T14:15:07,1400.0,34.0,S
2021-06-11T14:15:07,600.0,34.0,S
2021-06-11T14:15:01,100.0,34.05,B
2021-06-11T14:14:54,1000.0,34.0,S
2021-06-11T14:14:38,700.0,34.0,S
2021-06-11T14:14:34,300.0,34.0,S
2021-06-11T14:14:16,1000.0,34.0,S
2021-06-11T14:13:46,500.0,34.0,B
2021-06-11T14:13:19,100.0,34.0,B
2021-06-11T14:13:18,500.0,34.0,B
2021-06-11T14:13:14,200.0,34.0,B
2021-06-11T14:12:25,500.0,34.0,B
2021-06-11T14:12:23,700.0,34.0,B
2021-06-11T14:12:23,200.0,34.0,B
2021-06-11T14:12:23,1200.0,34.0,B
2021-06-11T14:12:22,6900.0,34.0,B
2021-06-11T14:12:22,5000.0,34.0,B
2021-06-11T14:12:22,4100.0,34.0,B
2021-06-11T14:12:22,900.0,34.0,B
2021-06-11T14:12:21,300.0,34.05,B
2021-06-11T14:12:21,500.0,34.05,B
2021-06-11T14:12:20,200.0,34.05,B
2021-06-11T14:12:04,100.0,34.0,B
2021-06-11T14:11:41,1000.0,34.0,B
2021-06-11T14:11:39,2000.0,34.0,B
2021-06-11T14:11:31,5000.0,34.0,B
2021-06-11T14:11:14,200.0,34.0,B
2021-06-11T14:10:55,1000.0,34.0,B
2021-06-11T14:10:53,300.0,34.0,B
2021-06-11T14:10:38,400.0,34.0,B
2021-06-11T14:10:32,1000.0,34.0,B
2021-06-11T14:10:29,600.0,34.0,B
2021-06-11T14:10:02,100.0,34.0,B
2021-06-11T14:09:46,1000.0,34.0,B
2021-06-11T14:09:46,2000.0,34.0,B
2021-06-11T14:09:39,4000.0,34.0,B
2021-06-11T14:09:32,500.0,34.0,B
2021-06-11T14:09:31,4000.0,34.0,B
2021-06-11T14:09:31,2400.0,34.0,B
2021-06-11T14:09:31,500.0,34.0,B
2021-06-11T14:09:31,600.0,34.0,B
2021-06-11T14:09:31,4900.0,34.0,B
2021-06-11T14:09:14,1400.0,34.05,B
2021-06-11T14:09:05,100.0,34.0,B
2021-06-11T14:08:47,200.0,34.05,B
2021-06-11T14:08:26,100.0,34.05,B
2021-06-11T14:08:19,900.0,34.0,B
2021-06-11T14:08:19,500.0,34.0,B
2021-06-11T14:08:07,100.0,34.0,B
2021-06-11T14:08:04,11700.0,34.0,B
2021-06-11T14:08:02,1000.0,34.0,B
2021-06-11T14:07:55,1000.0,34.0,B
2021-06-11T14:07:50,300.0,34.0,B
2021-06-11T14:07:49,500.0,33.95,S
2021-06-11T14:07:46,14700.0,34.0,B
2021-06-11T14:07:37,300.0,34.0,B
2021-06-11T14:07:35,900.0,34.0,B
2021-06-11T14:07:08,1000.0,34.0,B
2021-06-11T14:07:01,100.0,34.0,B
2021-06-11T14:06:58,300.0,34.0,B
2021-06-11T14:06:58,100.0,34.0,B
2021-06-11T14:06:58,500.0,34.0,B
2021-06-11T14:06:45,2000.0,34.0,B
2021-06-11T14:06:11,100.0,34.0,B
2021-06-11T14:06:10,100.0,34.0,B
2021-06-11T14:06:07,200.0,33.95,S
2021-06-11T14:06:03,4000.0,34.0,B
2021-06-11T14:05:59,100.0,34.0,B
2021-06-11T14:05:57,5000.0,34.0,B
2021-06-11T14:05:53,5000.0,34.0,B
2021-06-11T14:05:44,100.0,34.0,B
2021-06-11T14:05:33,300.0,34.0,B
2021-06-11T14:05:30,700.0,34.0,B
2021-06-11T14:05:29,300.0,34.0,B
2021-06-11T14:05:24,1000.0,34.0,B
2021-06-11T14:05:22,1000.0,34.0,B
2021-06-11T14:05:21,1000.0,34.0,B
2021-06-11T14:05:19,1500.0,34.0,B
2021-06-11T14:05:12,500.0,34.0,B
2021-06-11T14:05:09,13600.0,34.0,B
2021-06-11T14:05:08,2000.0,34.0,B
2021-06-11T14:05:02,1100.0,34.0,B
2021-06-11T14:05:02,1500.0,34.0,B
2021-06-11T14:05:02,2800.0,34.0,B
2021-06-11T14:04:59,1000.0,34.0,B
2021-06-11T14:04:48,500.0,34.0,B
2021-06-11T14:04:46,400.0,34.0,B
2021-06-11T14:04:43,900.0,34.0,B
2021-06-11T14:04:34,5000.0,34.0,B
2021-06-11T14:04:33,200.0,34.0,B
2021-06-11T14:04:27,1000.0,34.0,B
2021-06-11T14:04:22,100.0,34.0,B
2021-06-11T14:04:16,200.0,34.0,B
2021-06-11T14:04:08,100.0,33.95,S
2021-06-11T14:04:02,17200.0,34.0,B
2021-06-11T14:03:59,1500.0,34.0,B
2021-06-11T14:03:58,1100.0,34.0,B
2021-06-11T14:03:40,300.0,34.0,B
2021-06-11T14:03:37,400.0,34.0,B
2021-06-11T14:03:32,100.0,34.0,B
2021-06-11T14:03:27,300.0,34.0,B
2021-06-11T14:03:19,100.0,34.0,B
2021-06-11T14:03:18,5000.0,34.0,B
2021-06-11T14:03:16,1000.0,34.0,S
2021-06-11T14:03:15,500.0,34.0,S
2021-06-11T14:03:15,1500.0,34.0,S
2021-06-11T14:03:15,1500.0,34.0,S
2021-06-11T14:03:15,2800.0,34.0,S
2021-06-11T14:03:15,4100.0,34.0,S
2021-06-11T14:03:15,30800.0,34.0,S
2021-06-11T14:02:57,2000.0,34.0,S
2021-06-11T14:02:38,200.0,34.0,S
2021-06-11T14:02:38,300.0,34.0,S
2021-06-11T14:02:29,1100.0,34.0,S
2021-06-11T14:02:29,4000.0,34.0,S
2021-06-11T14:02:29,600.0,34.0,S
2021-06-11T14:02:29,3000.0,34.0,S
2021-06-11T14:02:29,1000.0,34.0,S
2021-06-11T14:02:29,1200.0,34.0,S
2021-06-11T14:02:29,100.0,34.0,S
2021-06-11T14:02:29,300.0,34.0,S
2021-06-11T14:02:29,6100.0,34.0,S
2021-06-11T14:02:29,1600.0,34.0,S
2021-06-11T14:02:29,2400.0,34.0,S
2021-06-11T14:02:29,500.0,34.0,S
2021-06-11T14:02:29,600.0,34.0,S
2021-06-11T14:02:29,6000.0,34.0,S
2021-06-11T14:02:29,2500.0,34.0,S
2021-06-11T14:02:24,2000.0,34.05,B
2021-06-11T14:02:21,200.0,34.0,S
2021-06-11T14:01:59,1000.0,34.05,B
2021-06-11T14:01:39,100.0,34.05,S
2021-06-11T14:01:37,1900.0,34.0,S
2021-06-11T14:01:37,2200.0,34.0,S
2021-06-11T14:01:33,3000.0,34.0,S
2021-06-11T14:01:33,1400.0,34.0,S
2021-06-11T14:01:33,800.0,34.0,S
2021-06-11T14:01:33,500.0,34.0,S
2021-06-11T14:01:33,3400.0,34.0,S
2021-06-11T14:01:33,1200.0,34.0,S
2021-06-11T14:01:33,1200.0,34.0,S
2021-06-11T14:01:33,45200.0,34.0,S
2021-06-11T14:01:13,300.0,34.1,B
2021-06-11T14:01:02,5000.0,34.0,S
2021-06-11T14:00:47,1500.0,34.1,B
2021-06-11T14:00:23,600.0,34.0,S
2021-06-11T14:00:23,500.0,34.05,S
2021-06-11T13:59:46,100.0,34.0,S
2021-06-11T13:59:29,2900.0,34.0,S
2021-06-11T13:59:22,1000.0,34.1,B
2021-06-11T13:58:51,100.0,34.1,B
2021-06-11T13:58:05,1200.0,34.1,B
2021-06-11T13:57:40,200.0,34.1,B
2021-06-11T13:57:38,900.0,34.05,B
2021-06-11T13:57:20,100.0,34.05,S
2021-06-11T13:57:18,500.0,34.1,B
2021-06-11T13:57:02,100.0,34.1,B
2021-06-11T13:57:01,500.0,34.1,B
2021-06-11T13:56:58,13000.0,34.0,S
2021-06-11T13:56:58,300.0,34.05,S
2021-06-11T13:56:58,1400.0,34.05,S
2021-06-11T13:56:58,25500.0,34.05,S
2021-06-11T13:56:58,9800.0,34.05,S
2021-06-11T13:56:57,1700.0,34.1,B
2021-06-11T13:56:53,1200.0,34.1,B
2021-06-11T13:56:42,4000.0,34.1,B
2021-06-11T13:56:39,100.0,34.1,B
2021-06-11T13:56:26,1200.0,34.1,B
2021-06-11T13:56:09,600.0,34.1,B
2021-06-11T13:55:59,1000.0,34.1,B
2021-06-11T13:55:56,300.0,34.1,B
2021-06-11T13:55:51,500.0,34.1,B
2021-06-11T13:55:50,1000.0,34.1,B
2021-06-11T13:55:48,100.0,34.1,B
2021-06-11T13:55:43,1000.0,34.1,B
2021-06-11T13:55:43,600.0,34.05,S
2021-06-11T13:55:42,3000.0,34.1,B
2021-06-11T13:55:42,200.0,34.1,B
2021-06-11T13:55:34,100.0,34.1,B
2021-06-11T13:55:25,1000.0,34.1,B
2021-06-11T13:55:17,100.0,34.05,S
2021-06-11T13:55:15,2600.0,34.1,B
2021-06-11T13:54:38,1000.0,34.1,B
2021-06-11T13:54:33,3000.0,34.1,B
2021-06-11T13:53:59,100.0,34.1,B
2021-06-11T13:53:29,500.0,34.05,S
2021-06-11T13:53:09,1900.0,34.05,B
2021-06-11T13:53:04,500.0,34.05,B
2021-06-11T13:52:57,200.0,34.05,B
2021-06-11T13:52:40,500.0,34.05,B
2021-06-11T13:52:35,100.0,34.0,S
2021-06-11T13:52:33,400.0,34.0,S
2021-06-11T13:52:24,400.0,34.0,S
2021-06-11T13:52:20,5000.0,34.05,B
2021-06-11T13:52:13,100.0,34.05,B
2021-06-11T13:52:04,1000.0,34.0,S
2021-06-11T13:51:49,25000.0,34.05,B
2021-06-11T13:51:47,1000.0,34.0,S
2021-06-11T13:51:29,20000.0,34.0,S
2021-06-11T13:51:27,1000.0,34.0,S
2021-06-11T13:51:25,100.0,34.0,S
2021-06-11T13:51:15,2000.0,34.05,B
2021-06-11T13:51:13,1000.0,34.0,S
2021-06-11T13:50:59,17900.0,34.0,S
2021-06-11T13:50:59,1000.0,34.0,S
2021-06-11T13:50:59,300.0,34.0,S
2021-06-11T13:50:59,5800.0,34.0,S
2021-06-11T13:50:58,5000.0,34.05,B
2021-06-11T13:50:55,7700.0,34.0,S
2021-06-11T13:50:54,1000.0,34.05,B
2021-06-11T13:50:52,1000.0,34.0,S
2021-06-11T13:50:45,1000.0,34.0,S
2021-06-11T13:50:32,2500.0,34.05,B
2021-06-11T13:50:22,3000.0,34.05,B
2021-06-11T13:50:13,5000.0,34.05,B
2021-06-11T13:50:09,5000.0,34.05,B
2021-06-11T13:49:47,500.0,34.05,S
2021-06-11T13:49:44,100.0,34.0,S
2021-06-11T13:49:26,500.0,34.05,S
2021-06-11T13:49:25,200.0,34.05,S
2021-06-11T13:49:25,400.0,34.05,S
2021-06-11T13:49:25,1300.0,34.05,S
2021-06-11T13:49:25,1000.0,34.05,S
2021-06-11T13:49:25,1000.0,34.05,S
2021-06-11T13:49:23,100.0,34.05,S
2021-06-11T13:49:03,4900.0,34.05,S
2021-06-11T13:49:03,100.0,34.05,S
2021-06-11T13:48:50,5000.0,34.05,S
2021-06-11T13:48:27,200.0,34.1,B
2021-06-11T13:48:23,600.0,34.05,S
2021-06-11T13:48:06,100.0,34.05,S
2021-06-11T13:48:04,1000.0,34.05,S
2021-06-11T13:47:59,200.0,34.1,B
2021-06-11T13:47:40,500.0,34.05,S
2021-06-11T13:47:34,3300.0,34.1,B
2021-06-11T13:47:31,1000.0,34.1,B
2021-06-11T13:47:29,5600.0,34.05,S
2021-06-11T13:47:29,14400.0,34.05,S
2021-06-11T13:47:15,1500.0,34.05,S
2021-06-11T13:46:35,900.0,34.1,B
2021-06-11T13:46:24,400.0,34.1,B
2021-06-11T13:46:20,300.0,34.05,S
2021-06-11T13:46:18,300.0,34.05,S
2021-06-11T13:45:53,2000.0,34.05,S
2021-06-11T13:45:53,2800.0,34.1,B
2021-06-11T13:45:47,1500.0,34.05,S
2021-06-11T13:45:42,500.0,34.05,S
2021-06-11T13:45:39,3000.0,34.05,S
2021-06-11T13:45:39,2000.0,34.05,S
2021-06-11T13:45:20,500.0,34.05,S
2021-06-11T13:45:16,1000.0,34.1,B
2021-06-11T13:45:04,200.0,34.05,S
2021-06-11T13:44:57,1000.0,34.1,B
2021-06-11T13:44:31,2000.0,34.05,S
2021-06-11T13:44:30,200.0,34.1,B
2021-06-11T13:44:25,1000.0,34.1,B
2021-06-11T13:44:17,2000.0,34.05,S
2021-06-11T13:43:55,1000.0,34.1,B
2021-06-11T13:43:42,400.0,34.1,S
2021-06-11T13:43:38,800.0,34.1,S
2021-06-11T13:43:33,500.0,34.05,S
2021-06-11T13:43:23,100.0,34.1,S
2021-06-11T13:43:13,100.0,34.1,S
2021-06-11T13:43:09,1100.0,34.05,S
2021-06-11T13:43:05,500.0,34.1,S
2021-06-11T13:43:05,2000.0,34.1,S
2021-06-11T13:43:01,1600.0,34.1,S
2021-06-11T13:42:53,2000.0,34.1,S
2021-06-11T13:42:50,100.0,34.15,B
2021-06-11T13:42:48,2000.0,34.1,S
2021-06-11T13:42:37,6000.0,34.1,S
2021-06-11T13:42:37,200.0,34.1,S
2021-06-11T13:42:37,4800.0,34.1,S
2021-06-11T13:42:30,100.0,34.15,B
2021-06-11T13:42:26,3000.0,34.1,S
2021-06-11T13:42:23,300.0,34.1,S
2021-06-11T13:42:23,19700.0,34.1,S
2021-06-11T13:42:07,100.0,34.15,B
2021-06-11T13:41:52,4500.0,34.1,S
2021-06-11T13:41:36,100.0,34.15,S
2021-06-11T13:41:09,200.0,34.15,S
2021-06-11T13:41:08,200.0,34.15,S
2021-06-11T13:41:08,100.0,34.15,S
2021-06-11T13:41:07,2800.0,34.15,S
2021-06-11T13:41:04,500.0,34.15,S
2021-06-11T13:40:39,1000.0,34.15,S
2021-06-11T13:40:36,200.0,34.2,B
2021-06-11T13:40:27,1000.0,34.15,S
2021-06-11T13:40:21,1000.0,34.15,S
2021-06-11T13:40:14,1000.0,34.15,S
2021-06-11T13:39:55,100.0,34.2,B
2021-06-11T13:39:47,5000.0,34.15,S
2021-06-11T13:39:43,5000.0,34.15,S
2021-06-11T13:39:39,6000.0,34.15,S
2021-06-11T13:39:28,1000.0,34.15,S
2021-06-11T13:39:02,500.0,34.2,S
2021-06-11T13:38:55,500.0,34.15,S
2021-06-11T13:38:52,700.0,34.2,S
2021-06-11T13:38:29,300.0,34.2,S
2021-06-11T13:38:22,100.0,34.2,S
2021-06-11T13:38:22,300.0,34.15,S
2021-06-11T13:38:10,100.0,34.2,S
2021-06-11T13:37:57,200.0,34.15,S
2021-06-11T13:37:57,500.0,34.15,S
2021-06-11T13:37:57,600.0,34.15,S
2021-06-11T13:37:57,1200.0,34.15,S
2021-06-11T13:37:57,1400.0,34.15,S
2021-06-11T13:37:56,2100.0,34.15,S
2021-06-11T13:37:54,2300.0,34.2,S
2021-06-11T13:37:53,1000.0,34.25,B
2021-06-11T13:37:53,1000.0,34.2,S
2021-06-11T13:37:50,200.0,34.15,S
2021-06-11T13:37:33,1000.0,34.2,S
2021-06-11T13:37:22,300.0,34.15,S
2021-06-11T13:37:16,1900.0,34.2,S
2021-06-11T13:37:16,100.0,34.2,S
2021-06-11T13:37:16,200.0,34.2,S
2021-06-11T13:37:16,400.0,34.2,S
2021-06-11T13:37:16,500.0,34.2,S
2021-06-11T13:37:15,300.0,34.25,B
2021-06-11T13:36:59,300.0,34.2,S
2021-06-11T13:36:59,700.0,34.2,S
2021-06-11T13:36:58,1000.0,34.2,S
2021-06-11T13:36:46,500.0,34.2,S
2021-06-11T13:36:43,300.0,34.2,S
2021-06-11T13:36:39,1000.0,34.2,S
2021-06-11T13:36:24,100.0,34.25,B
2021-06-11T13:36:13,1000.0,34.2,S
2021-06-11T13:35:51,100.0,34.25,S
2021-06-11T13:35:40,1100.0,34.25,S
2021-06-11T13:35:40,2900.0,34.25,S
2021-06-11T13:35:36,500.0,34.25,S
2021-06-11T13:35:33,5000.0,34.25,S
2021-06-11T13:35:28,200.0,34.2,S
2021-06-11T13:35:28,9800.0,34.2,S
2021-06-11T13:35:20,100.0,34.25,S
2021-06-11T13:35:19,600.0,34.25,S
2021-06-11T13:35:07,1500.0,34.25,S
2021-06-11T13:35:07,4400.0,34.25,S
2021-06-11T13:35:01,10000.0,34.25,S
2021-06-11T13:34:57,500.0,34.25,S
2021-06-11T13:34:54,300.0,34.25,S
2021-06-11T13:34:46,1000.0,34.3,B
2021-06-11T13:34:44,1000.0,34.25,S
2021-06-11T13:34:26,600.0,34.25,S
2021-06-11T13:34:23,5000.0,34.25,S
2021-06-11T13:33:57,500.0,34.25,S
2021-06-11T13:33:57,1000.0,34.25,S
2021-06-11T13:33:57,1000.0,34.25,S
2021-06-11T13:33:50,100.0,34.3,B
2021-06-11T13:33:40,200.0,34.25,S
2021-06-11T13:33:24,500.0,34.25,S
2021-06-11T13:33:19,600.0,34.3,B
2021-06-11T13:33:18,500.0,34.25,S
2021-06-11T13:33:16,500.0,34.25,S
2021-06-11T13:33:09,1000.0,34.3,B
2021-06-11T13:32:52,500.0,34.3,S
2021-06-11T13:32:26,500.0,34.3,S
2021-06-11T13:32:08,1000.0,34.25,S
2021-06-11T13:32:03,100.0,34.3,S
2021-06-11T13:31:53,1000.0,34.25,S
2021-06-11T13:31:53,1000.0,34.3,S
2021-06-11T13:31:46,1000.0,34.3,S
2021-06-11T13:31:40,200.0,34.3,S
2021-06-11T13:31:30,600.0,34.3,S
2021-06-11T13:31:30,700.0,34.3,S
2021-06-11T13:31:30,3600.0,34.3,S
2021-06-11T13:31:24,1500.0,34.4,B
2021-06-11T13:31:14,200.0,34.35,S
2021-06-11T13:31:09,400.0,34.35,S
2021-06-11T13:31:09,1000.0,34.3,S
2021-06-11T13:31:03,1000.0,34.3,S
2021-06-11T13:31:01,100.0,34.35,S
2021-06-11T13:30:55,600.0,34.4,B
2021-06-11T13:30:55,4100.0,34.4,B
2021-06-11T13:30:55,1000.0,34.35,S
2021-06-11T13:30:52,2000.0,34.3,S
2021-06-11T13:30:33,1100.0,34.3,S
2021-06-11T13:30:33,8900.0,34.3,S
2021-06-11T13:30:28,300.0,34.35,S
2021-06-11T13:30:26,300.0,34.35,S
2021-06-11T13:30:26,100.0,34.35,S
2021-06-11T13:30:26,19400.0,34.3,S
2021-06-11T13:30:25,600.0,34.3,S
2021-06-11T13:30:19,1000.0,34.35,S
2021-06-11T13:30:14,2600.0,34.35,S
2021-06-11T13:30:11,500.0,34.35,S
2021-06-11T13:30:02,2000.0,34.35,S
2021-06-11T13:29:56,500.0,34.4,B
2021-06-11T13:29:54,1000.0,34.35,S
2021-06-11T13:29:51,1000.0,34.35,S
2021-06-11T13:29:50,4000.0,34.35,S
2021-06-11T13:29:48,500.0,34.35,S
2021-06-11T13:29:48,300.0,34.35,S
2021-06-11T13:29:48,200.0,34.35,S
2021-06-11T13:29:35,1000.0,34.35,S
2021-06-11T13:29:34,300.0,34.4,B
2021-06-11T13:29:29,1000.0,34.35,S
2021-06-11T13:29:29,1000.0,34.35,S
2021-06-11T13:29:00,100.0,34.4,S
2021-06-11T13:28:57,200.0,34.35,S
2021-06-11T13:28:36,100.0,34.4,S
2021-06-11T13:28:32,200.0,34.4,S
2021-06-11T13:28:25,8000.0,34.4,S
2021-06-11T13:28:08,1400.0,34.4,S
2021-06-11T13:28:05,5000.0,34.4,S
2021-06-11T13:27:56,1000.0,34.4,S
2021-06-11T13:27:55,1000.0,34.4,S
2021-06-11T13:27:55,3400.0,34.4,S
2021-06-11T13:27:48,1000.0,34.4,S
2021-06-11T13:27:43,200.0,34.4,S
2021-06-11T13:27:40,100.0,34.4,S
2021-06-11T13:27:40,19900.0,34.4,S
2021-06-11T13:27:40,1900.0,34.4,S
2021-06-11T13:27:40,18200.0,34.4,S
2021-06-11T13:27:25,1000.0,34.4,S
2021-06-11T13:27:21,100.0,34.4,S
2021-06-11T13:27:21,3000.0,34.4,S
2021-06-11T13:27:19,2900.0,34.4,S
2021-06-11T13:27:17,1000.0,34.45,B
2021-06-11T13:27:16,200.0,34.4,S
2021-06-11T13:27:08,1500.0,34.4,S
2021-06-11T13:27:06,3000.0,34.4,S
2021-06-11T13:27:04,200.0,34.4,S
2021-06-11T13:27:04,800.0,34.4,S
2021-06-11T13:26:57,2000.0,34.4,S
2021-06-11T13:26:53,5000.0,34.4,S
2021-06-11T13:26:52,500.0,34.4,S
2021-06-11T13:26:43,500.0,34.4,S
2021-06-11T13:26:32,10000.0,34.4,S
2021-06-11T13:26:13,100.0,34.4,S
2021-06-11T13:26:12,500.0,34.45,B
2021-06-11T13:26:10,900.0,34.4,S
2021-06-11T13:26:06,2000.0,34.45,B
2021-06-11T13:26:03,2300.0,34.45,B
2021-06-11T13:26:02,200.0,34.4,S
2021-06-11T13:26:01,400.0,34.45,B
2021-06-11T13:25:53,15000.0,34.4,S
2021-06-11T13:25:49,300.0,34.45,B
2021-06-11T13:25:41,1000.0,34.45,B
2021-06-11T13:25:34,1000.0,34.45,B
2021-06-11T13:24:45,100.0,34.45,B
2021-06-11T13:24:45,3300.0,34.45,B
2021-06-11T13:24:40,40000.0,34.4,S
2021-06-11T13:24:33,300.0,34.4,S
2021-06-11T13:24:22,10000.0,34.45,B
2021-06-11T13:24:21,100.0,34.4,S
2021-06-11T13:24:16,1000.0,34.45,B
2021-06-11T13:23:48,1200.0,34.45,B
2021-06-11T13:23:46,100.0,34.45,B
2021-06-11T13:23:38,1700.0,34.4,S
2021-06-11T13:23:36,5000.0,34.4,S
2021-06-11T13:23:08,100.0,34.45,B
2021-06-11T13:23:08,300.0,34.4,S
2021-06-11T13:22:39,1000.0,34.4,S
2021-06-11T13:22:26,1000.0,34.4,S
2021-06-11T13:22:12,5000.0,34.45,S
2021-06-11T13:22:03,500.0,34.4,S
2021-06-11T13:22:03,1000.0,34.45,S
2021-06-11T13:21:58,2000.0,34.45,S
2021-06-11T13:21:31,2900.0,34.45,S
2021-06-11T13:21:21,500.0,34.45,S
2021-06-11T13:21:16,1000.0,34.4,S
2021-06-11T13:21:12,100.0,34.45,S
2021-06-11T13:21:12,300.0,34.4,S
2021-06-11T13:20:58,4000.0,34.45,S
2021-06-11T13:20:54,2000.0,34.4,S
2021-06-11T13:20:44,200.0,34.45,S
2021-06-11T13:20:34,500.0,34.45,S
2021-06-11T13:20:32,400.0,34.45,S
2021-06-11T13:20:26,1000.0,34.45,S
2021-06-11T13:20:11,200.0,34.45,S
2021-06-11T13:20:02,6200.0,34.45,S
2021-06-11T13:19:58,10000.0,34.5,B
2021-06-11T13:19:57,100.0,34.5,B
2021-06-11T13:19:51,1000.0,34.45,S
2021-06-11T13:19:37,1000.0,34.45,S
2021-06-11T13:19:37,900.0,34.5,B
2021-06-11T13:19:31,10000.0,34.5,B
2021-06-11T13:19:16,300.0,34.5,B
2021-06-11T13:19:08,100.0,34.5,B
2021-06-11T13:19:03,1000.0,34.5,B
2021-06-11T13:18:55,1000.0,34.5,B
2021-06-11T13:18:54,200.0,34.4,S
2021-06-11T13:18:50,8800.0,34.4,S
2021-06-11T13:18:50,700.0,34.4,S
2021-06-11T13:18:50,8500.0,34.4,S
2021-06-11T13:18:47,1000.0,34.5,B
2021-06-11T13:18:45,500.0,34.5,B
2021-06-11T13:18:43,200.0,34.5,B
2021-06-11T13:18:26,200.0,34.5,B
2021-06-11T13:17:58,100.0,34.5,B
2021-06-11T13:17:58,100.0,34.45,B
2021-06-11T13:17:55,1000.0,34.45,B
2021-06-11T13:17:51,1000.0,34.45,B
2021-06-11T13:17:46,800.0,34.45,B
2021-06-11T13:17:45,200.0,34.45,B
2021-06-11T13:17:24,1000.0,34.45,B
2021-06-11T13:17:22,2000.0,34.45,B
2021-06-11T13:17:12,5000.0,34.45,B
2021-06-11T13:17:09,1500.0,34.45,B
2021-06-11T13:17:07,100.0,34.45,B
2021-06-11T13:17:04,4800.0,34.45,B
2021-06-11T13:17:04,5600.0,34.45,B
2021-06-11T13:16:58,1000.0,34.5,B
2021-06-11T13:16:52,100.0,34.45,B
2021-06-11T13:16:46,10000.0,34.45,B
2021-06-11T13:16:39,100.0,34.5,B
2021-06-11T13:16:35,1000.0,34.45,B
2021-06-11T13:16:16,100.0,34.45,B
2021-06-11T13:16:03,10000.0,34.45,B
2021-06-11T13:15:58,5000.0,34.5,B
2021-06-11T13:15:49,5400.0,34.45,B
2021-06-11T13:15:49,500.0,34.45,B
2021-06-11T13:15:48,100.0,34.45,B
2021-06-11T13:15:40,15000.0,34.45,B
2021-06-11T13:15:31,5000.0,34.45,B
2021-06-11T13:15:24,1000.0,34.45,B
2021-06-11T13:15:23,900.0,34.45,B
2021-06-11T13:15:14,100.0,34.45,B
2021-06-11T13:15:04,400.0,34.45,B
2021-06-11T13:14:52,100.0,34.45,B
2021-06-11T13:14:32,13500.0,34.45,B
2021-06-11T13:14:31,500.0,34.45,B
2021-06-11T13:13:58,300.0,34.45,B
2021-06-11T13:13:52,500.0,34.45,B
2021-06-11T13:13:49,2000.0,34.45,B
2021-06-11T13:13:43,2300.0,34.45,B
2021-06-11T13:13:43,1000.0,34.45,B
2021-06-11T13:13:42,4100.0,34.45,B
2021-06-11T13:13:40,200.0,34.5,B
2021-06-11T13:13:38,2000.0,34.45,B
2021-06-11T13:13:29,100.0,34.5,B
2021-06-11T13:13:28,200.0,34.5,B
2021-06-11T13:13:22,200.0,34.45,B
2021-06-11T13:13:13,700.0,34.45,B
2021-06-11T13:13:12,300.0,34.5,B
2021-06-11T13:13:05,2500.0,34.45,B
2021-06-11T13:12:44,3000.0,34.45,B
2021-06-11T13:12:32,100.0,34.45,B
2021-06-11T13:12:29,500.0,34.45,B
2021-06-11T13:12:28,20000.0,34.4,S
2021-06-11T13:12:20,100.0,34.45,B
2021-06-11T13:12:11,1000.0,34.4,S
2021-06-11T13:12:09,100.0,34.45,B
2021-06-11T13:12:06,300.0,34.45,B
2021-06-11T13:12:05,2700.0,34.45,B
2021-06-11T13:11:56,100.0,34.5,B
2021-06-11T13:11:55,2300.0,34.45,B
2021-06-11T13:11:47,500.0,34.45,B
2021-06-11T13:11:33,3300.0,34.45,B
2021-06-11T13:11:31,200.0,34.45,B
2021-06-11T13:11:27,300.0,34.45,B
2021-06-11T13:11:18,500.0,34.45,B
2021-06-11T13:11:10,2000.0,34.45,B
2021-06-11T13:11:05,1000.0,34.45,B
2021-06-11T13:11:03,100.0,34.45,B
2021-06-11T13:10:54,1200.0,34.45,B
2021-06-11T13:10:50,1000.0,34.45,B
2021-06-11T13:10:40,1000.0,34.45,B
2021-06-11T13:10:33,300.0,34.45,B
2021-06-11T13:10:26,10000.0,34.45,B
2021-06-11T13:10:24,800.0,34.45,B
2021-06-11T13:10:19,1000.0,34.45,B
2021-06-11T13:10:03,5600.0,34.45,B
2021-06-11T13:09:55,1000.0,34.4,S
2021-06-11T13:09:54,7100.0,34.45,B
2021-06-11T13:09:42,25000.0,34.45,B
2021-06-11T13:08:56,500.0,34.45,B
2021-06-11T13:08:48,1000.0,34.45,B
2021-06-11T13:08:44,10000.0,34.4,S
2021-06-11T13:08:43,500.0,34.45,B
2021-06-11T13:08:39,2000.0,34.45,B
2021-06-11T13:08:34,100.0,34.4,S
2021-06-11T13:08:34,1300.0,34.4,S
2021-06-11T13:08:34,1600.0,34.4,S
2021-06-11T13:08:28,11000.0,34.45,B
2021-06-11T13:08:25,500.0,34.45,B
2021-06-11T13:08:22,100.0,34.45,B
2021-06-11T13:08:11,2000.0,34.45,B
2021-06-11T13:08:11,100.0,34.45,B
2021-06-11T13:08:07,2000.0,34.4,S
2021-06-11T13:07:59,2000.0,34.45,B
2021-06-11T13:07:52,100.0,34.45,B
2021-06-11T13:07:08,100.0,34.45,B
2021-06-11T13:07:02,500.0,34.4,S
2021-06-11T13:06:42,1000.0,34.45,B
2021-06-11T13:06:08,800.0,34.45,B
2021-06-11T13:05:50,2100.0,34.4,B
2021-06-11T13:05:30,1000.0,34.4,B
2021-06-11T13:05:26,100.0,34.35,B
2021-06-11T13:05:14,4100.0,34.4,B
2021-06-11T13:05:14,13000.0,34.4,B
2021-06-11T13:05:05,200.0,34.4,B
2021-06-11T13:04:48,200.0,34.4,B
2021-06-11T13:04:43,500.0,34.4,B
2021-06-11T13:04:42,500.0,34.4,B
2021-06-11T11:30:12,12500.0,34.3,B
2021-06-11T11:30:12,200.0,34.3,B
2021-06-11T11:30:12,500.0,34.25,S
2021-06-11T11:29:02,1000.0,34.3,B
2021-06-11T11:28:33,5000.0,34.3,B
2021-06-11T11:28:30,100.0,34.25,S
2021-06-11T11:28:24,2000.0,34.25,S
2021-06-11T11:27:52,2000.0,34.25,B
2021-06-11T11:27:31,3000.0,34.2,S
2021-06-11T11:27:26,4700.0,34.2,B
2021-06-11T11:27:12,200.0,34.2,B
2021-06-11T11:27:00,200.0,34.15,S
2021-06-11T11:27:00,100.0,34.15,S
2021-06-11T11:26:46,500.0,34.2,B
2021-06-11T11:26:45,1000.0,34.15,S
2021-06-11T11:26:33,500.0,34.2,B
2021-06-11T11:26:07,100.0,34.2,B
2021-06-11T11:25:46,100.0,34.2,B
2021-06-11T11:24:59,100.0,34.2,B
2021-06-11T11:24:56,500.0,34.2,B
2021-06-11T11:24:41,1000.0,34.2,B
2021-06-11T11:24:05,500.0,34.2,B
2021-06-11T11:23:57,100.0,34.2,B
2021-06-11T11:23:53,100.0,34.2,B
2021-06-11T11:23:34,300.0,34.2,B
2021-06-11T11:23:30,2700.0,34.2,S
2021-06-11T11:23:29,200.0,34.2,S
2021-06-11T11:23:29,800.0,34.2,S
2021-06-11T11:23:19,5000.0,34.2,S
2021-06-11T11:23:08,100.0,34.2,S
2021-06-11T11:23:06,1000.0,34.2,S
2021-06-11T11:22:56,18200.0,34.3,B
2021-06-11T11:22:55,11800.0,34.3,B
2021-06-11T11:22:42,500.0,34.25,B
2021-06-11T11:22:21,300.0,34.2,S
2021-06-11T11:22:21,700.0,34.2,S
2021-06-11T11:22:19,5000.0,34.25,B
2021-06-11T11:22:04,1000.0,34.2,S
2021-06-11T11:21:58,300.0,34.2,S
2021-06-11T11:21:58,4700.0,34.2,S
2021-06-11T11:21:52,200.0,34.2,S
2021-06-11T11:21:40,500.0,34.2,S
2021-06-11T11:21:04,3100.0,34.2,S
2021-06-11T11:20:55,2000.0,34.2,S
2021-06-11T11:20:25,2500.0,34.2,S
2021-06-11T11:20:12,3000.0,34.25,B
2021-06-11T11:20:04,2000.0,34.2,S
2021-06-11T11:19:49,500.0,34.2,S
2021-06-11T11:19:42,200.0,34.2,S
2021-06-11T11:19:41,2200.0,34.25,B
2021-06-11T11:19:24,200.0,34.25,B
2021-06-11T11:19:20,600.0,34.25,B
2021-06-11T11:19:00,2000.0,34.2,B
2021-06-11T11:18:31,1500.0,34.25,B
2021-06-11T11:18:05,400.0,34.2,S
2021-06-11T11:17:56,100.0,34.25,B
2021-06-11T11:17:46,1000.0,34.2,S
2021-06-11T11:17:31,600.0,34.2,S
2021-06-11T11:17:05,500.0,34.2,S
2021-06-11T11:17:02,1000.0,34.2,S
2021-06-11T11:16:58,10000.0,34.2,S
2021-06-11T11:16:56,1000.0,34.25,S
2021-06-11T11:16:50,20000.0,34.25,B
2021-06-11T11:16:49,10000.0,34.25,B
2021-06-11T11:16:49,16600.0,34.25,B
2021-06-11T11:16:48,2100.0,34.2,S
2021-06-11T11:16:21,5000.0,34.2,S
2021-06-11T11:16:16,5000.0,34.25,B
2021-06-11T11:16:12,800.0,34.25,B
2021-06-11T11:15:42,1000.0,34.2,S
2021-06-11T11:15:42,10000.0,34.25,B
2021-06-11T11:15:41,1300.0,34.25,B
2021-06-11T11:15:06,5000.0,34.25,B
2021-06-11T11:14:36,5000.0,34.25,B
2021-06-11T11:14:32,600.0,34.25,B
2021-06-11T11:14:19,5000.0,34.2,S
2021-06-11T11:14:10,1200.0,34.2,S
2021-06-11T11:14:09,5000.0,34.2,S
2021-06-11T11:14:02,200.0,34.2,B
2021-06-11T11:14:02,700.0,34.2,B
2021-06-11T11:14:02,2600.0,34.2,B
2021-06-11T11:14:02,8900.0,34.2,B
2021-06-11T11:14:02,600.0,34.2,B
2021-06-11T11:14:01,14300.0,34.2,B
2021-06-11T11:13:39,2000.0,34.2,B
2021-06-11T11:13:37,1000.0,34.2,B
2021-06-11T11:13:27,100.0,34.2,B
2021-06-11T11:13:11,100.0,34.2,B
2021-06-11T11:13:11,3000.0,34.2,B
2021-06-11T11:13:03,5000.0,34.2,B
2021-06-11T11:12:18,200.0,34.2,B
2021-06-11T11:11:54,1800.0,34.2,B
2021-06-11T11:11:31,3000.0,34.15,S
2021-06-11T11:10:58,500.0,34.15,S
2021-06-11T11:10:57,500.0,34.2,B
2021-06-11T11:10:06,100.0,34.15,B
2021-06-11T11:10:01,25400.0,34.15,B
2021-06-11T11:09:49,500.0,34.15,B
2021-06-11T11:09:48,1000.0,34.1,S
2021-06-11T11:09:37,5000.0,34.15,B
2021-06-11T11:08:59,200.0,34.15,B
2021-06-11T11:08:13,1000.0,34.1,S
2021-06-11T11:08:13,2800.0,34.1,S
2021-06-11T11:07:48,500.0,34.1,B
2021-06-11T11:07:44,600.0,34.1,B
2021-06-11T11:07:37,2000.0,34.1,B
2021-06-11T11:07:37,3000.0,34.1,B
2021-06-11T11:06:44,4400.0,34.1,B
2021-06-11T11:06:18,2500.0,34.05,B
2021-06-11T11:06:16,500.0,34.05,B
2021-06-11T11:05:48,2000.0,34.05,B
2021-06-11T11:05:17,2000.0,34.0,S
2021-06-11T11:04:27,3600.0,34.0,B
2021-06-11T11:04:26,2200.0,34.0,B
2021-06-11T11:03:35,100.0,34.0,B
2021-06-11T11:03:34,700.0,34.0,B
2021-06-11T11:03:34,300.0,34.0,B
2021-06-11T11:03:28,1000.0,33.95,S
2021-06-11T11:03:24,1000.0,34.0,B
2021-06-11T11:02:56,100.0,34.0,B
2021-06-11T11:02:54,1000.0,34.0,B
2021-06-11T11:02:53,60000.0,34.0,B
2021-06-11T11:02:14,100.0,34.0,B
2021-06-11T11:02:08,300.0,34.0,B
2021-06-11T11:02:00,500.0,34.0,B
2021-06-11T11:01:49,10000.0,34.0,B
2021-06-11T11:01:35,300.0,34.0,B
2021-06-11T11:01:32,7000.0,34.0,B
2021-06-11T11:01:17,1000.0,33.95,S
2021-06-11T11:01:15,1000.0,34.0,B
2021-06-11T11:01:11,6100.0,34.0,B
2021-06-11T11:00:51,17700.0,34.0,B
2021-06-11T11:00:51,1300.0,34.0,B
2021-06-11T11:00:51,31000.0,34.0,B
2021-06-11T11:00:40,200.0,34.0,B
2021-06-11T11:00:36,1000.0,33.95,S
2021-06-11T11:00:36,500.0,34.0,B
2021-06-11T11:00:23,5000.0,33.95,S
2021-06-11T10:59:53,1000.0,33.95,S
2021-06-11T10:59:53,300.0,34.0,S
2021-06-11T10:59:53,100.0,34.0,S
2021-06-11T10:59:52,500.0,34.0,S
2021-06-11T10:59:47,1000.0,34.0,S
2021-06-11T10:59:41,1000.0,33.95,S
2021-06-11T10:59:39,300.0,34.0,S
2021-06-11T10:59:36,400.0,34.0,S
2021-06-11T10:59:35,400.0,34.0,S
2021-06-11T10:59:31,600.0,34.0,S
2021-06-11T10:59:23,5000.0,34.0,S
2021-06-11T10:59:21,100.0,34.0,S
2021-06-11T10:59:20,100.0,34.0,S
2021-06-11T10:59:10,200.0,34.0,S
2021-06-11T10:59:10,3900.0,34.0,S
2021-06-11T10:59:10,300.0,34.0,S
2021-06-11T10:59:09,3000.0,34.0,S
2021-06-11T10:59:09,5500.0,34.0,S
2021-06-11T10:59:09,2200.0,34.0,S
2021-06-11T10:59:09,200.0,34.0,S
2021-06-11T10:59:09,700.0,34.0,S
2021-06-11T10:59:09,200.0,34.0,S
2021-06-11T10:59:09,600.0,34.0,S
2021-06-11T10:59:09,700.0,34.0,S
2021-06-11T10:59:09,4000.0,34.0,S
2021-06-11T10:59:09,1200.0,34.0,S
2021-06-11T10:59:09,1200.0,34.0,S
2021-06-11T10:59:09,400.0,34.0,S
2021-06-11T10:59:09,1500.0,34.0,S
2021-06-11T10:59:09,2000.0,34.0,S
2021-06-11T10:59:09,2000.0,34.0,S
2021-06-11T10:59:09,600.0,34.0,S
2021-06-11T10:59:09,10100.0,34.0,S
2021-06-11T10:59:09,2900.0,34.0,S
2021-06-11T10:59:09,500.0,34.0,S
2021-06-11T10:59:09,2000.0,34.0,S
2021-06-11T10:59:09,1500.0,34.0,S
2021-06-11T10:59:09,1500.0,34.0,S
2021-06-11T10:59:09,1100.0,34.0,S
2021-06-11T10:59:09,18700.0,34.0,S
2021-06-11T10:59:09,2300.0,34.05,S
2021-06-11T10:59:08,6600.0,34.05,S
2021-06-11T10:58:25,100.0,34.1,B
2021-06-11T10:58:11,100.0,34.1,S
2021-06-11T10:58:09,500.0,34.1,S
2021-06-11T10:58:04,100.0,34.1,S
2021-06-11T10:57:56,1000.0,34.1,S
2021-06-11T10:57:53,1000.0,34.1,S
2021-06-11T10:57:49,200.0,34.1,S
2021-06-11T10:57:38,1900.0,34.1,S
2021-06-11T10:57:28,7000.0,34.1,S
2021-06-11T10:57:19,100.0,34.1,S
2021-06-11T10:57:19,100.0,34.1,S
2021-06-11T10:57:09,2000.0,34.1,S
2021-06-11T10:57:07,100.0,34.1,S
2021-06-11T10:56:58,3000.0,34.1,S
2021-06-11T10:56:57,1000.0,34.1,S
2021-06-11T10:56:36,2000.0,34.1,B
2021-06-11T10:56:20,1000.0,34.1,B
2021-06-11T10:56:18,1000.0,34.1,B
2021-06-11T10:56:14,1000.0,34.1,B
2021-06-11T10:56:14,1000.0,34.1,B
2021-06-11T10:56:05,1000.0,34.1,B
2021-06-11T10:55:57,1000.0,34.1,B
2021-06-11T10:55:57,2700.0,34.1,B
2021-06-11T10:55:56,300.0,34.1,B
2021-06-11T10:55:55,100.0,34.0,S
2021-06-11T10:55:52,1000.0,34.0,S
2021-06-11T10:55:43,3000.0,34.1,B
2021-06-11T10:55:42,1000.0,34.0,S
2021-06-11T10:55:35,200.0,34.1,B
2021-06-11T10:55:34,100.0,34.1,B
2021-06-11T10:55:25,30000.0,34.0,S
2021-06-11T10:55:05,1500.0,34.1,S
2021-06-11T10:54:57,400.0,34.1,S
2021-06-11T10:54:48,100.0,34.1,S
2021-06-11T10:54:38,100.0,34.1,S
2021-06-11T10:54:34,200.0,34.05,S
2021-06-11T10:54:34,100.0,34.1,S
2021-06-11T10:54:30,100.0,34.05,S
2021-06-11T10:54:14,100.0,34.1,S
2021-06-11T10:54:13,200.0,34.1,S
2021-06-11T10:54:09,1000.0,34.1,S
2021-06-11T10:53:52,200.0,34.1,S
2021-06-11T10:53:30,300.0,34.15,B
2021-06-11T10:53:28,300.0,34.1,S
2021-06-11T10:53:26,200.0,34.1,S
2021-06-11T10:53:25,300.0,34.1,S
2021-06-11T10:53:23,5000.0,34.1,S
2021-06-11T10:53:05,100.0,34.1,S
2021-06-11T10:52:14,1100.0,34.15,S
2021-06-11T10:52:00,300.0,34.1,S
2021-06-11T10:51:47,200.0,34.15,S
2021-06-11T10:51:45,2500.0,34.1,S
2021-06-11T10:51:34,1500.0,34.1,S
2021-06-11T10:51:34,300.0,34.1,S
2021-06-11T10:51:34,100.0,34.1,S
2021-06-11T10:51:34,3100.0,34.1,S
2021-06-11T10:51:22,100.0,34.15,S
2021-06-11T10:51:20,1000.0,34.15,S
2021-06-11T10:51:10,300.0,34.15,S
2021-06-11T10:51:00,5000.0,34.15,S
2021-06-11T10:50:59,300.0,34.15,S
2021-06-11T10:50:59,500.0,34.15,S
2021-06-11T10:50:51,1000.0,34.15,S
2021-06-11T10:50:48,1100.0,34.15,S
2021-06-11T10:50:48,100.0,34.15,S
2021-06-11T10:50:47,4800.0,34.15,S
2021-06-11T10:50:45,5000.0,34.25,B
2021-06-11T10:50:41,500.0,34.2,B
2021-06-11T10:50:30,600.0,34.2,B
2021-06-11T10:50:21,15000.0,34.15,S
2021-06-11T10:49:45,4800.0,34.2,B
2021-06-11T10:49:37,1700.0,34.2,B
2021-06-11T10:49:34,3300.0,34.2,B
2021-06-11T10:49:34,1000.0,34.2,B
2021-06-11T10:49:34,5700.0,34.2,B
2021-06-11T10:49:31,200.0,34.25,B
2021-06-11T10:49:20,1000.0,34.25,B
2021-06-11T10:49:12,100.0,34.25,B
2021-06-11T10:49:07,100.0,34.25,B
2021-06-11T10:48:13,100.0,34.25,B
2021-06-11T10:48:00,1000.0,34.25,B
2021-06-11T10:47:43,1900.0,34.25,B
2021-06-11T10:47:42,1700.0,34.25,B
2021-06-11T10:47:38,100.0,34.2,B
2021-06-11T10:47:30,100.0,34.2,B
2021-06-11T10:47:30,100.0,34.2,B
2021-06-11T10:47:25,1000.0,34.2,B
2021-06-11T10:47:19,200.0,34.2,B
2021-06-11T10:47:18,4000.0,34.2,B
2021-06-11T10:47:10,100.0,34.2,B
2021-06-11T10:46:45,1000.0,34.2,B
2021-06-11T10:46:17,200.0,34.2,B
2021-06-11T10:46:17,900.0,34.2,B
2021-06-11T10:46:16,4700.0,34.2,B
2021-06-11T10:46:16,500.0,34.2,B
2021-06-11T10:46:16,3100.0,34.2,B
2021-06-11T10:45:40,100.0,34.2,B
2021-06-11T10:45:31,2000.0,34.25,B
2021-06-11T10:45:21,100.0,34.2,B
2021-06-11T10:45:15,15200.0,34.25,B
2021-06-11T10:45:15,10200.0,34.25,B
2021-06-11T10:45:15,4600.0,34.25,B
2021-06-11T10:45:14,400.0,34.2,B
2021-06-11T10:44:55,2600.0,34.2,B
2021-06-11T10:44:34,2000.0,34.2,B
2021-06-11T10:44:12,100.0,34.15,S
2021-06-11T10:44:01,5000.0,34.2,B
2021-06-11T10:43:28,1000.0,34.2,B
2021-06-11T10:43:25,1000.0,34.2,B
2021-06-11T10:43:20,300.0,34.2,B
2021-06-11T10:43:20,1200.0,34.2,B
2021-06-11T10:43:19,800.0,34.2,B
2021-06-11T10:43:14,3000.0,34.2,B
2021-06-11T10:43:00,1400.0,34.2,B
2021-06-11T10:42:45,1500.0,34.2,B
2021-06-11T10:42:31,12000.0,34.2,B
2021-06-11T10:42:03,3000.0,34.2,B
2021-06-11T10:41:25,2000.0,34.15,S
2021-06-11T10:41:16,100.0,34.15,S
2021-06-11T10:40:56,200.0,34.15,S
2021-06-11T10:40:47,100.0,34.15,S
2021-06-11T10:40:45,600.0,34.2,B
2021-06-11T10:40:29,100.0,34.15,B
2021-06-11T10:40:14,100.0,34.15,B
2021-06-11T10:40:09,200.0,34.15,B
2021-06-11T10:40:08,500.0,34.1,S
2021-06-11T10:40:07,1500.0,34.15,B
2021-06-11T10:40:06,16300.0,34.15,B
2021-06-11T10:40:05,500.0,34.15,B
2021-06-11T10:40:04,500.0,34.15,B
2021-06-11T10:39:57,200.0,34.15,B
2021-06-11T10:39:52,500.0,34.15,B
2021-06-11T10:39:52,200.0,34.1,S
2021-06-11T10:39:49,2000.0,34.15,B
2021-06-11T10:39:47,300.0,34.15,B
2021-06-11T10:39:32,500.0,34.15,B
2021-06-11T10:39:29,1000.0,34.15,B
2021-06-11T10:39:22,2000.0,34.15,B
2021-06-11T10:39:03,200.0,34.15,B
2021-06-11T10:39:03,200.0,34.15,B
2021-06-11T10:38:54,3700.0,34.1,S
2021-06-11T10:38:54,1200.0,34.1,S
2021-06-11T10:38:54,800.0,34.1,S
2021-06-11T10:38:54,6200.0,34.1,S
2021-06-11T10:38:51,1000.0,34.15,B
2021-06-11T10:38:48,200.0,34.15,B
2021-06-11T10:38:42,200.0,34.15,B
2021-06-11T10:38:39,200.0,34.1,S
2021-06-11T10:38:33,1000.0,34.1,S
2021-06-11T10:38:18,2000.0,34.15,B
2021-06-11T10:38:17,100.0,34.15,B
2021-06-11T10:38:03,1000.0,34.15,B
2021-06-11T10:37:54,3600.0,34.15,B
2021-06-11T10:37:54,1400.0,34.15,B
2021-06-11T10:37:54,500.0,34.15,B
2021-06-11T10:37:41,1500.0,34.15,B
2021-06-11T10:37:32,400.0,34.15,B
2021-06-11T10:37:07,100.0,34.15,B
2021-06-11T10:37:05,700.0,34.15,B
2021-06-11T10:37:00,2000.0,34.15,B
2021-06-11T10:37:00,500.0,34.15,B
2021-06-11T10:37:00,400.0,34.15,B
2021-06-11T10:37:00,4600.0,34.15,B
2021-06-11T10:36:50,900.0,34.1,S
2021-06-11T10:36:08,10000.0,34.1,S
2021-06-11T10:36:04,2000.0,34.15,B
2021-06-11T10:35:56,500.0,34.15,B
2021-06-11T10:35:22,200.0,34.15,B
2021-06-11T10:35:08,1000.0,34.15,B
2021-06-11T10:35:03,300.0,34.1,S
2021-06-11T10:34:59,400.0,34.15,B
2021-06-11T10:34:57,2000.0,34.1,S
2021-06-11T10:34:45,10000.0,34.1,S
2021-06-11T10:34:40,2000.0,34.15,B
2021-06-11T10:34:05,2600.0,34.0,S
2021-06-11T10:34:05,3900.0,34.0,S
2021-06-11T10:34:05,400.0,34.0,S
2021-06-11T10:34:05,1400.0,34.05,S
2021-06-11T10:34:05,1700.0,34.05,S
2021-06-11T10:34:05,1100.0,34.05,S
2021-06-11T10:34:05,3000.0,34.05,S
2021-06-11T10:34:05,200.0,34.05,S
2021-06-11T10:34:05,10300.0,34.05,S
2021-06-11T10:34:05,5400.0,34.05,S
2021-06-11T10:33:51,400.0,34.1,S
2021-06-11T10:33:50,100.0,34.1,S
2021-06-11T10:33:44,500.0,34.1,S
2021-06-11T10:33:33,100.0,34.1,S
2021-06-11T10:33:33,1000.0,34.15,B
2021-06-11T10:33:29,2400.0,34.15,B
2021-06-11T10:33:27,300.0,34.1,S
2021-06-11T10:33:27,8500.0,34.1,S
2021-06-11T10:33:06,700.0,34.1,B
2021-06-11T10:33:06,1000.0,34.1,B
2021-06-11T10:33:03,2500.0,34.1,B
2021-06-11T10:32:55,1000.0,34.1,B
2021-06-11T10:32:50,500.0,34.1,B
2021-06-11T10:32:47,500.0,34.1,S
2021-06-11T10:32:46,3800.0,34.1,S
2021-06-11T10:32:23,500.0,34.15,B
2021-06-11T10:32:06,400.0,34.15,B
2021-06-11T10:32:06,2000.0,34.15,B
2021-06-11T10:32:05,17600.0,34.15,B
2021-06-11T10:32:04,3000.0,34.15,B
2021-06-11T10:31:41,2000.0,34.1,B
2021-06-11T10:31:37,500.0,34.1,B
2021-06-11T10:31:25,300.0,34.1,B
2021-06-11T10:31:12,5200.0,34.15,B
2021-06-11T10:31:00,1400.0,34.1,B
2021-06-11T10:30:58,200.0,34.1,B
2021-06-11T10:30:51,100.0,34.1,B
2021-06-11T10:30:51,400.0,34.1,B
2021-06-11T10:30:45,1000.0,34.1,B
2021-06-11T10:30:31,1000.0,34.1,B
2021-06-11T10:30:21,300.0,34.1,B
2021-06-11T10:30:08,200.0,34.05,S
2021-06-11T10:29:24,300.0,34.1,B
2021-06-11T10:29:24,7700.0,34.1,B
2021-06-11T10:29:12,500.0,34.05,S
2021-06-11T10:28:35,100.0,34.1,B
2021-06-11T10:28:09,900.0,34.1,S
2021-06-11T10:27:57,300.0,34.1,S
2021-06-11T10:27:50,1000.0,34.1,S
2021-06-11T10:27:40,100.0,34.15,B
2021-06-11T10:27:30,200.0,34.15,B
2021-06-11T10:27:19,500.0,34.15,B
2021-06-11T10:26:45,5000.0,34.15,B
2021-06-11T10:26:45,1000.0,34.1,S
2021-06-11T10:26:34,4000.0,34.15,B
2021-06-11T10:25:26,700.0,34.15,B
2021-06-11T10:25:04,400.0,34.0,B
2021-06-11T10:25:03,500.0,34.0,B
2021-06-11T10:24:54,500.0,34.0,S
2021-06-11T10:24:54,200.0,34.0,S
2021-06-11T10:24:53,300.0,34.15,B
2021-06-11T10:24:26,1000.0,34.15,B
2021-06-11T10:24:16,200.0,33.95,S
2021-06-11T10:23:44,200.0,34.15,B
2021-06-11T10:23:44,2600.0,33.95,S
2021-06-11T10:23:44,200.0,33.95,S
2021-06-11T10:23:44,7200.0,34.0,S
2021-06-11T10:23:38,100.0,34.15,B
2021-06-11T10:23:25,5000.0,34.05,S
2021-06-11T10:23:11,1100.0,34.15,B
2021-06-11T10:23:11,200.0,34.15,B
2021-06-11T10:23:11,700.0,34.15,B
2021-06-11T10:22:21,4500.0,34.0,B
2021-06-11T10:22:20,300.0,34.0,B
2021-06-11T10:22:02,500.0,34.0,S
2021-06-11T10:21:58,500.0,34.0,S
2021-06-11T10:21:54,12000.0,34.0,S
2021-06-11T10:21:54,10000.0,34.0,S
2021-06-11T10:21:54,5500.0,34.0,S
2021-06-11T10:21:54,100.0,34.0,S
2021-06-11T10:21:53,1400.0,34.0,S
2021-06-11T10:21:53,2100.0,34.0,S
2021-06-11T10:21:53,200.0,34.0,S
2021-06-11T10:21:53,500.0,34.0,S
2021-06-11T10:21:53,1500.0,34.0,S
2021-06-11T10:21:53,900.0,34.0,S
2021-06-11T10:21:53,1100.0,34.0,S
2021-06-11T10:21:53,2300.0,34.0,S
2021-06-11T10:21:53,4600.0,34.0,S
2021-06-11T10:21:53,12000.0,34.05,S
2021-06-11T10:21:13,500.0,34.1,B
2021-06-11T10:21:11,5000.0,34.1,B
2021-06-11T10:21:02,3600.0,34.1,B
2021-06-11T10:20:58,1900.0,34.05,S
2021-06-11T10:20:38,2000.0,34.05,S
2021-06-11T10:20:29,2000.0,34.1,B
2021-06-11T10:20:27,2000.0,34.1,B
2021-06-11T10:19:55,700.0,34.05,B
2021-06-11T10:19:38,900.0,34.05,B
2021-06-11T10:19:14,300.0,34.05,B
2021-06-11T10:19:01,900.0,34.05,S
2021-06-11T10:18:56,300.0,34.1,B
2021-06-11T10:18:46,2000.0,34.05,S
2021-06-11T10:18:43,100.0,34.1,B
2021-06-11T10:18:38,100.0,34.1,B
2021-06-11T10:18:34,600.0,34.05,S
2021-06-11T10:18:34,400.0,34.05,S
2021-06-11T10:17:42,1600.0,34.05,S
2021-06-11T10:17:40,2800.0,34.05,S
2021-06-11T10:17:39,5600.0,34.05,S
2021-06-11T10:17:00,1000.0,34.05,S
2021-06-11T10:16:49,1900.0,34.05,S
2021-06-11T10:16:49,1100.0,34.05,S
2021-06-11T10:16:16,1000.0,34.15,B
2021-06-11T10:15:11,100.0,34.15,B
2021-06-11T10:14:02,20000.0,34.15,B
2021-06-11T10:13:56,1000.0,34.1,B
2021-06-11T10:13:31,3000.0,34.0,S
2021-06-11T10:13:14,3000.0,34.0,S
2021-06-11T10:12:17,2700.0,34.0,S
2021-06-11T10:12:17,1000.0,34.0,S
2021-06-11T10:12:17,5200.0,34.0,S
2021-06-11T10:12:17,1100.0,34.0,S
2021-06-11T10:12:00,200.0,34.1,B
2021-06-11T10:11:27,100.0,34.1,B
2021-06-11T10:10:35,2000.0,34.1,B
2021-06-11T10:09:45,10000.0,34.1,B
2021-06-11T10:09:34,300.0,34.0,S
2021-06-11T10:09:34,600.0,34.0,S
2021-06-11T10:09:17,500.0,34.0,S
2021-06-11T10:08:59,2200.0,34.0,S
2021-06-11T10:08:58,7800.0,34.0,S
2021-06-11T10:08:49,1000.0,34.05,S
2021-06-11T10:08:41,400.0,34.05,S
2021-06-11T10:08:35,1500.0,34.1,B
2021-06-11T10:08:25,500.0,34.05,S
2021-06-11T10:07:57,100.0,34.05,S
2021-06-11T10:07:00,11700.0,34.1,B
2021-06-11T10:07:00,5000.0,34.05,B
2021-06-11T10:07:00,3300.0,34.05,B
2021-06-11T10:06:07,3000.0,34.05,B
2021-06-11T10:05:55,200.0,34.05,B
2021-06-11T10:05:54,3000.0,34.0,S
2021-06-11T10:05:41,1800.0,34.0,S
2021-06-11T10:05:40,400.0,34.0,S
2021-06-11T10:05:36,700.0,34.05,B
2021-06-11T10:05:35,10000.0,34.0,S
2021-06-11T10:05:25,1300.0,34.0,S
2021-06-11T10:05:14,100.0,34.05,B
2021-06-11T10:04:48,1000.0,34.05,S
2021-06-11T10:04:46,2000.0,34.05,S
2021-06-11T10:04:42,1000.0,34.1,B
2021-06-11T10:04:39,300.0,34.05,S
2021-06-11T10:04:13,2000.0,34.05,S
2021-06-11T10:04:06,2000.0,34.05,S
2021-06-11T10:03:43,700.0,34.1,B
2021-06-11T10:03:26,200.0,34.1,B
2021-06-11T10:02:52,1000.0,34.1,B
2021-06-11T10:02:24,1300.0,34.1,S
2021-06-11T10:02:24,200.0,34.1,S
2021-06-11T10:02:24,1000.0,34.1,S
2021-06-11T10:02:22,100.0,34.1,S
2021-06-11T10:02:22,300.0,34.1,S
2021-06-11T10:02:22,4600.0,34.1,S
2021-06-11T10:02:11,2000.0,34.1,S
2021-06-11T10:02:10,5000.0,34.1,S
2021-06-11T10:01:47,2500.0,34.1,S
2021-06-11T10:01:41,300.0,34.1,S
2021-06-11T10:01:38,200.0,34.1,S
2021-06-11T10:01:29,1000.0,34.1,S
2021-06-11T10:00:45,100.0,34.1,S
2021-06-11T09:59:38,1000.0,34.15,S
2021-06-11T09:59:26,300.0,34.15,S
2021-06-11T09:59:26,2400.0,34.15,S
2021-06-11T09:59:26,9600.0,34.15,S
2021-06-11T09:59:25,3000.0,34.2,B
2021-06-11T09:58:54,2000.0,34.15,S
2021-06-11T09:58:54,3700.0,34.15,S
2021-06-11T09:58:50,14700.0,34.15,B
2021-06-11T09:58:43,2000.0,34.1,S
2021-06-11T09:58:27,5000.0,34.1,S
2021-06-11T09:58:10,300.0,34.15,S
2021-06-11T09:58:06,1700.0,34.15,S
2021-06-11T09:58:00,300.0,34.15,S
2021-06-11T09:57:55,300.0,34.15,S
2021-06-11T09:57:44,1000.0,34.15,S
2021-06-11T09:57:00,200.0,34.15,S
2021-06-11T09:56:58,100.0,34.15,S
2021-06-11T09:56:33,800.0,34.15,S
2021-06-11T09:56:30,500.0,34.15,S
2021-06-11T09:56:07,800.0,34.15,S
2021-06-11T09:56:05,5000.0,34.15,S
2021-06-11T09:56:02,3000.0,34.2,B
2021-06-11T09:55:44,100.0,34.15,S
2021-06-11T09:55:35,200.0,34.15,S
2021-06-11T09:55:25,6800.0,34.15,S
2021-06-11T09:55:10,100.0,34.15,S
2021-06-11T09:55:07,10000.0,34.15,S
2021-06-11T09:55:02,500.0,34.2,B
2021-06-11T09:55:00,1000.0,34.15,S
2021-06-11T09:55:00,29000.0,34.15,S
2021-06-11T09:54:59,7000.0,34.2,B
2021-06-11T09:54:58,200.0,34.15,S
2021-06-11T09:54:39,200.0,34.15,S
2021-06-11T09:54:32,3100.0,34.2,B
2021-06-11T09:54:04,100.0,34.15,S
2021-06-11T09:53:55,2000.0,34.15,S
2021-06-11T09:53:52,6000.0,34.2,S
2021-06-11T09:53:39,100.0,34.2,S
2021-06-11T09:53:31,200.0,34.2,S
2021-06-11T09:53:04,8500.0,34.2,S
2021-06-11T09:53:04,500.0,34.2,S
2021-06-11T09:53:04,1000.0,34.2,S
2021-06-11T09:53:00,500.0,34.25,B
2021-06-11T09:52:51,5000.0,34.2,S
2021-06-11T09:52:29,1000.0,34.25,S
2021-06-11T09:52:27,25000.0,34.2,S
2021-06-11T09:52:15,500.0,34.25,S
2021-06-11T09:52:12,3700.0,34.2,S
2021-06-11T09:51:54,500.0,34.3,B
2021-06-11T09:51:51,200.0,34.3,B
2021-06-11T09:51:43,400.0,34.2,S
2021-06-11T09:51:40,100.0,34.25,S
2021-06-11T09:51:34,200.0,34.2,S
2021-06-11T09:51:33,1500.0,34.2,S
2021-06-11T09:51:30,100.0,34.25,B
2021-06-11T09:51:01,2000.0,34.2,B
2021-06-11T09:50:50,500.0,34.2,B
2021-06-11T09:50:50,11400.0,34.2,B
2021-06-11T09:50:34,2000.0,34.2,B
2021-06-11T09:50:16,7200.0,34.2,B
2021-06-11T09:50:16,2800.0,34.2,B
2021-06-11T09:50:14,2300.0,34.15,S
2021-06-11T09:50:03,100.0,34.2,B
2021-06-11T09:49:36,300.0,34.2,B
2021-06-11T09:49:29,100.0,34.2,B
2021-06-11T09:49:17,4000.0,34.2,B
2021-06-11T09:49:17,6000.0,34.2,B
2021-06-11T09:49:12,600.0,34.2,B
2021-06-11T09:48:59,200.0,34.2,B
2021-06-11T09:48:54,10000.0,34.2,B
2021-06-11T09:48:53,3900.0,34.15,S
2021-06-11T09:48:45,5000.0,34.2,B
2021-06-11T09:48:34,1000.0,34.15,S
2021-06-11T09:48:11,5500.0,34.15,B
2021-06-11T09:48:03,4000.0,34.15,B
2021-06-11T09:47:37,2000.0,34.15,B
2021-06-11T09:47:17,600.0,34.15,B
2021-06-11T09:47:00,2200.0,34.1,S
2021-06-11T09:46:56,10000.0,34.15,B
2021-06-11T09:46:54,1000.0,34.15,B
2021-06-11T09:46:07,2100.0,34.1,B
2021-06-11T09:46:07,4200.0,34.1,B
2021-06-11T09:46:06,15000.0,34.1,B
2021-06-11T09:46:03,12500.0,34.1,B
2021-06-11T09:45:53,1000.0,34.1,B
2021-06-11T09:45:40,10000.0,34.1,B
2021-06-11T09:45:36,1000.0,34.1,B
2021-06-11T09:45:18,8200.0,34.1,B
2021-06-11T09:45:18,1000.0,34.1,B
2021-06-11T09:45:04,200.0,34.05,S
2021-06-11T09:44:56,800.0,34.05,S
2021-06-11T09:44:45,200.0,34.05,S
2021-06-11T09:44:39,9800.0,34.05,B
2021-06-11T09:44:28,300.0,34.0,S
2021-06-11T09:44:12,10000.0,34.05,B
2021-06-11T09:44:03,1700.0,34.0,S
2021-06-11T09:43:52,100.0,34.05,B
2021-06-11T09:43:52,200.0,34.05,B
2021-06-11T09:43:49,400.0,34.0,S
2021-06-11T09:43:35,2000.0,34.1,B
2021-06-11T09:43:27,200.0,34.0,S
2021-06-11T09:43:26,100.0,34.05,B
2021-06-11T09:42:54,1400.0,34.0,B
2021-06-11T09:42:54,10000.0,34.0,B
2021-06-11T09:42:44,100.0,34.0,B
2021-06-11T09:42:32,500.0,34.0,B
2021-06-11T09:42:09,5000.0,34.0,B
2021-06-11T09:41:43,400.0,34.0,B
2021-06-11T09:41:33,2000.0,33.95,S
2021-06-11T09:41:28,5000.0,34.0,B
2021-06-11T09:41:24,10800.0,34.0,B
2021-06-11T09:41:24,500.0,34.0,B
2021-06-11T09:41:24,6100.0,34.0,B
2021-06-11T09:41:24,1600.0,34.0,B
2021-06-11T09:41:24,5000.0,34.0,B
2021-06-11T09:41:24,2100.0,34.0,B
2021-06-11T09:41:24,2200.0,34.0,B
2021-06-11T09:41:24,1700.0,34.0,B
2021-06-11T09:41:18,9600.0,34.0,B
2021-06-11T09:41:17,500.0,34.0,B
2021-06-11T09:41:14,500.0,34.0,B
2021-06-11T09:41:03,2000.0,34.0,B
2021-06-11T09:41:02,2000.0,34.0,B
2021-06-11T09:40:18,1000.0,34.0,B
2021-06-11T09:40:08,100.0,33.95,B
2021-06-11T09:40:02,1000.0,33.9,S
2021-06-11T09:39:42,100.0,33.9,B
2021-06-11T09:39:40,500.0,33.9,B
2021-06-11T09:39:39,18400.0,33.9,B
2021-06-11T09:39:38,500.0,33.85,S
2021-06-11T09:39:28,200.0,33.9,B
2021-06-11T09:39:20,100.0,33.85,S
2021-06-11T09:39:17,4200.0,33.9,B
2021-06-11T09:39:17,2000.0,33.9,B
2021-06-11T09:39:17,1100.0,33.9,B
2021-06-11T09:39:17,2700.0,33.9,B
2021-06-11T09:39:14,100.0,33.9,B
2021-06-11T09:38:14,2000.0,33.9,B
2021-06-11T09:38:11,100.0,33.85,S
2021-06-11T09:37:53,1000.0,33.9,B
2021-06-11T09:37:51,500.0,33.85,S
2021-06-11T09:37:21,200.0,33.85,S
2021-06-11T09:37:17,300.0,33.85,S
2021-06-11T09:37:11,100.0,33.8,S
2021-06-11T09:37:02,1000.0,33.8,S
2021-06-11T09:36:52,100.0,33.9,B
2021-06-11T09:36:02,100.0,33.8,S
2021-06-11T09:36:00,1000.0,33.8,S
2021-06-11T09:35:56,2200.0,33.8,S
2021-06-11T09:35:55,1100.0,33.8,S
2021-06-11T09:35:55,1000.0,33.8,S
2021-06-11T09:35:55,10700.0,33.8,S
2021-06-11T09:35:48,3000.0,33.8,S
2021-06-11T09:35:17,4100.0,33.9,S
2021-06-11T09:35:14,2000.0,33.9,S
2021-06-11T09:35:02,100.0,33.9,S
2021-06-11T09:34:49,100.0,33.9,S
2021-06-11T09:34:39,200.0,33.9,S
2021-06-11T09:34:16,100.0,33.9,B
2021-06-11T09:33:58,4400.0,33.9,B
2021-06-11T09:33:56,1000.0,33.8,S
2021-06-11T09:33:53,300.0,33.8,S
2021-06-11T09:33:50,100.0,33.8,S
2021-06-11T09:33:48,100.0,33.8,S
2021-06-11T09:33:31,300.0,33.8,S
2021-06-11T09:33:26,200.0,33.8,S
2021-06-11T09:33:11,1000.0,33.8,S
2021-06-11T09:33:11,100.0,33.8,S
2021-06-11T09:33:08,1000.0,33.8,S
2021-06-11T09:33:05,300.0,33.8,S
2021-06-11T09:33:05,1500.0,33.8,S
2021-06-11T09:32:57,100.0,33.8,S
2021-06-11T09:32:38,3000.0,33.8,S
2021-06-11T09:32:36,100.0,33.8,S
2021-06-11T09:32:30,600.0,33.8,S
2021-06-11T09:32:30,300.0,33.8,S
2021-06-11T09:32:30,600.0,33.8,S
2021-06-11T09:32:30,500.0,33.8,S
2021-06-11T09:32:30,8000.0,33.8,S
2021-06-11T09:32:29,3000.0,33.9,B
2021-06-11T09:32:04,1000.0,33.8,S
2021-06-11T09:31:32,1000.0,33.8,S
2021-06-11T09:31:16,200.0,33.9,B
2021-06-11T09:31:15,1000.0,33.8,S
2021-06-11T09:31:06,1000.0,33.8,S
2021-06-11T09:30:51,500.0,33.8,S
2021-06-11T09:30:42,100.0,33.9,B
2021-06-11T09:30:25,300.0,33.9,S
2021-06-11T09:30:22,100.0,34.0,B
2021-06-11T09:30:13,1200.0,33.9,S
2021-06-11T09:30:11,7000.0,33.9,S
2021-06-11T09:30:01,100.0,34.0,B
2021-06-11T09:29:57,1000.0,33.9,S
2021-06-11T09:29:55,300.0,34.0,B
2021-06-11T09:29:54,700.0,33.9,S
2021-06-11T09:29:53,4300.0,33.9,S
2021-06-11T09:29:50,7000.0,33.9,S
2021-06-11T09:29:49,200.0,33.9,S
2021-06-11T09:29:32,100.0,33.9,S
2021-06-11T09:29:19,200.0,33.9,S
2021-06-11T09:29:17,1000.0,33.9,S
2021-06-11T09:28:19,400.0,34.0,B
2021-06-11T09:28:18,5000.0,33.9,S
2021-06-11T09:28:12,100.0,34.0,B
2021-06-11T09:27:38,2000.0,34.0,B
2021-06-11T09:27:28,300.0,34.0,B
2021-06-11T09:27:22,20000.0,33.9,S
2021-06-11T09:27:10,200.0,34.0,B
2021-06-11T09:26:48,500.0,33.9,S
2021-06-11T09:26:42,100.0,34.0,S
2021-06-11T09:26:42,3000.0,34.0,S
2021-06-11T09:26:30,500.0,34.15,B
2021-06-11T09:26:21,300.0,34.1,S
2021-06-11T09:26:19,300.0,34.1,S
2021-06-11T09:26:11,400.0,34.0,S
2021-06-11T09:26:03,3000.0,33.9,S
2021-06-11T09:26:02,600.0,34.0,S
2021-06-11T09:26:02,3300.0,34.0,S
2021-06-11T09:26:02,3600.0,34.0,S
2021-06-11T09:26:02,2200.0,34.0,S
2021-06-11T09:26:01,100.0,34.0,S
2021-06-11T09:25:51,10000.0,34.0,S
2021-06-11T09:25:42,500.0,34.1,S
2021-06-11T09:25:37,300.0,34.1,S
2021-06-11T09:25:30,10000.0,34.0,S
2021-06-11T09:25:28,500.0,34.0,S
2021-06-11T09:25:27,100.0,34.0,S
2021-06-11T09:25:16,2700.0,34.0,S
2021-06-11T09:24:51,300.0,34.15,B
2021-06-11T09:24:39,10000.0,34.0,S
2021-06-11T09:24:30,10000.0,34.0,S
2021-06-11T09:24:12,300.0,34.15,S
2021-06-11T09:24:07,1000.0,34.1,S
2021-06-11T09:24:03,200.0,34.1,S
2021-06-11T09:23:57,1100.0,34.2,S
2021-06-11T09:23:56,200.0,34.2,S
2021-06-11T09:23:56,2500.0,34.2,S
2021-06-11T09:23:52,1000.0,34.2,S
2021-06-11T09:23:39,1000.0,34.2,S
2021-06-11T09:23:16,500.0,34.2,S
2021-06-11T09:23:05,10000.0,34.1,S
2021-06-11T09:22:52,100.0,34.2,S
2021-06-11T09:22:11,2000.0,34.2,B
2021-06-11T09:22:09,1000.0,34.3,B
2021-06-11T09:22:09,2200.0,34.3,B
2021-06-11T09:22:09,800.0,34.3,B
2021-06-11T09:22:09,9400.0,34.3,B
2021-06-11T09:22:07,7000.0,34.2,B
2021-06-11T09:21:56,2000.0,34.2,B
2021-06-11T09:21:43,3000.0,34.2,B
2021-06-11T09:21:22,100.0,34.2,B
2021-06-11T09:21:11,300.0,34.2,B
2021-06-11T09:21:08,1600.0,34.2,B
2021-06-11T09:21:04,200.0,34.2,B
2021-06-11T09:20:53,500.0,34.2,B
2021-06-11T09:20:13,3000.0,34.2,B
2021-06-11T09:20:10,500.0,34.1,S
2021-06-11T09:20:05,300.0,34.2,B
2021-06-11T09:20:04,2000.0,34.2,B
2021-06-11T09:20:04,700.0,34.2,B
2021-06-11T09:19:49,100.0,34.2,S
2021-06-11T09:19:31,200.0,34.2,S
2021-06-11T09:18:49,5000.0,34.2,S
2021-06-11T09:18:38,1000.0,34.3,B
2021-06-11T09:18:23,100.0,34.1,S
2021-06-11T09:18:20,4000.0,34.3,B
2021-06-11T09:17:30,100.0,34.1,B
2021-06-11T09:17:25,2000.0,34.1,B
2021-06-11T09:17:21,500.0,34.1,B
2021-06-11T09:17:17,200.0,34.1,B
2021-06-11T09:16:59,300.0,34.0,B
2021-06-11T09:16:58,300.0,34.0,B
2021-06-11T09:16:57,1800.0,34.0,B
2021-06-11T09:16:33,1600.0,33.9,B
2021-06-11T09:16:13,100.0,33.8,S
2021-06-11T09:16:00,2000.0,33.8,S
2021-06-11T09:15:56,500.0,33.9,B
