tradingTime,volume,price,side
2021-06-11T14:30:32,800.0,28.5,S
2021-06-11T14:30:12,4200.0,28.5,S
2021-06-11T14:29:47,1800.0,28.5,S
2021-06-11T14:29:20,5000.0,28.5,S
2021-06-11T14:28:50,100.0,28.5,S
2021-06-11T14:28:18,100.0,28.5,S
2021-06-11T14:27:16,200.0,28.5,B
2021-06-11T14:25:37,500.0,28.5,B
2021-06-11T14:24:38,100.0,28.5,B
2021-06-11T14:23:15,800.0,28.5,B
2021-06-11T14:23:10,1600.0,28.5,B
2021-06-11T14:23:10,800.0,28.5,B
2021-06-11T14:21:34,3000.0,28.5,B
2021-06-11T14:21:01,2000.0,28.5,B
2021-06-11T14:20:18,2600.0,28.45,S
2021-06-11T14:19:54,600.0,28.5,B
2021-06-11T14:18:22,100.0,28.5,B
2021-06-11T14:17:34,600.0,28.5,B
2021-06-11T14:16:27,800.0,28.5,B
2021-06-11T14:15:59,300.0,28.5,B
2021-06-11T14:15:50,100.0,28.5,B
2021-06-11T14:15:12,300.0,28.5,B
2021-06-11T14:14:47,1000.0,28.45,S
2021-06-11T14:11:51,15400.0,28.5,S
2021-06-11T14:10:55,2100.0,28.5,S
2021-06-11T14:10:12,400.0,28.5,S
2021-06-11T14:10:02,1200.0,28.6,B
2021-06-11T14:07:01,5000.0,28.6,B
2021-06-11T14:07:00,1000.0,28.5,S
2021-06-11T14:06:47,600.0,28.6,B
2021-06-11T14:06:47,600.0,28.6,B
2021-06-11T14:01:45,200.0,28.6,S
2021-06-11T14:01:45,2400.0,28.6,S
2021-06-11T14:01:10,1000.0,28.6,S
2021-06-11T14:00:58,1000.0,28.6,S
2021-06-11T14:00:28,500.0,28.7,B
2021-06-11T13:59:17,500.0,28.6,S
2021-06-11T13:58:52,1000.0,28.6,S
2021-06-11T13:58:22,300.0,28.7,B
2021-06-11T13:58:09,100.0,28.6,S
2021-06-11T13:58:03,5300.0,28.7,B
2021-06-11T13:58:03,5800.0,28.6,B
2021-06-11T13:57:34,700.0,28.5,S
2021-06-11T13:57:03,500.0,28.5,S
2021-06-11T13:56:47,2000.0,28.5,S
2021-06-11T13:56:29,100.0,28.5,S
2021-06-11T13:56:17,800.0,28.6,B
2021-06-11T13:55:36,1000.0,28.5,S
2021-06-11T13:53:20,1400.0,28.45,S
2021-06-11T13:53:20,600.0,28.5,S
2021-06-11T13:52:38,500.0,28.6,S
2021-06-11T13:52:33,11200.0,28.6,S
2021-06-11T13:52:16,500.0,28.6,S
2021-06-11T13:52:05,2000.0,28.6,S
2021-06-11T13:52:00,100.0,28.6,S
2021-06-11T13:51:58,500.0,28.6,S
2021-06-11T13:51:38,500.0,28.6,S
2021-06-11T13:51:02,1800.0,28.6,B
2021-06-11T13:50:56,500.0,28.6,B
2021-06-11T13:50:52,6100.0,28.6,B
2021-06-11T13:50:52,1000.0,28.6,B
2021-06-11T13:50:52,600.0,28.6,B
2021-06-11T13:50:52,3600.0,28.6,B
2021-06-11T13:50:52,200.0,28.55,B
2021-06-11T13:50:51,1400.0,28.55,B
2021-06-11T13:49:47,3000.0,28.5,S
2021-06-11T13:49:42,1000.0,28.45,S
2021-06-11T13:49:42,600.0,28.55,B
2021-06-11T13:49:41,600.0,28.5,S
2021-06-11T13:49:40,8900.0,28.5,S
2021-06-11T13:49:13,1000.0,28.5,S
2021-06-11T13:48:53,200.0,28.5,S
2021-06-11T13:48:18,3400.0,28.5,B
2021-06-11T13:48:12,1600.0,28.5,B
2021-06-11T13:47:53,1000.0,28.5,B
2021-06-11T13:47:32,7400.0,28.5,B
2021-06-11T13:46:26,5000.0,28.5,B
2021-06-11T13:45:45,100.0,28.5,B
2021-06-11T13:45:19,2000.0,28.45,S
2021-06-11T13:45:14,2500.0,28.45,S
2021-06-11T13:41:49,1000.0,28.45,B
2021-06-11T13:40:46,500.0,28.45,B
2021-06-11T13:40:42,1200.0,28.45,B
2021-06-11T13:39:19,2800.0,28.45,B
2021-06-11T13:39:19,2200.0,28.45,B
2021-06-11T13:38:46,300.0,28.35,S
2021-06-11T13:38:45,700.0,28.4,S
2021-06-11T13:36:15,200.0,28.5,S
2021-06-11T13:36:05,5000.0,28.45,S
2021-06-11T13:35:47,4500.0,28.45,S
2021-06-11T13:35:47,500.0,28.45,S
2021-06-11T13:35:25,10000.0,28.45,S
2021-06-11T13:34:53,500.0,28.5,B
2021-06-11T13:34:40,100.0,28.5,B
2021-06-11T13:34:09,100.0,28.5,B
2021-06-11T13:33:53,700.0,28.5,B
2021-06-11T13:33:50,500.0,28.5,B
2021-06-11T13:33:29,500.0,28.5,B
2021-06-11T13:33:23,5100.0,28.5,B
2021-06-11T13:32:44,600.0,28.5,S
2021-06-11T13:32:24,200.0,28.5,S
2021-06-11T13:32:24,4400.0,28.5,S
2021-06-11T13:32:13,2000.0,28.5,S
2021-06-11T13:31:08,400.0,28.5,S
2021-06-11T13:30:37,2800.0,28.5,S
2021-06-11T13:30:37,6100.0,28.5,S
2021-06-11T13:30:37,800.0,28.55,S
2021-06-11T13:30:37,6500.0,28.55,S
2021-06-11T13:30:35,1000.0,28.55,S
2021-06-11T13:30:01,1000.0,28.55,S
2021-06-11T13:29:56,500.0,28.6,S
2021-06-11T13:29:51,1500.0,28.6,S
2021-06-11T13:28:56,200.0,28.6,S
2021-06-11T13:27:46,800.0,28.7,B
2021-06-11T13:27:40,5000.0,28.7,B
2021-06-11T13:27:30,1500.0,28.7,B
2021-06-11T13:27:26,2700.0,28.7,B
2021-06-11T13:27:19,2000.0,28.6,S
2021-06-11T13:27:06,1300.0,28.7,B
2021-06-11T13:27:02,1500.0,28.7,B
2021-06-11T13:27:02,300.0,28.7,B
2021-06-11T13:27:02,12700.0,28.7,B
2021-06-11T13:26:49,100.0,28.7,S
2021-06-11T13:24:40,200.0,28.6,S
2021-06-11T13:24:04,100.0,28.75,B
2021-06-11T13:24:04,9900.0,28.7,S
2021-06-11T13:23:57,200.0,28.7,S
2021-06-11T13:23:46,400.0,28.7,S
2021-06-11T13:23:37,1000.0,28.7,S
2021-06-11T13:23:17,3000.0,28.7,S
2021-06-11T13:23:14,10000.0,28.7,S
2021-06-11T13:23:10,400.0,28.7,S
2021-06-11T13:22:58,1000.0,28.7,S
2021-06-11T13:22:55,2000.0,28.7,S
2021-06-11T13:22:41,5000.0,28.7,S
2021-06-11T13:22:22,200.0,28.7,S
2021-06-11T13:22:11,100.0,28.7,S
2021-06-11T13:21:47,1400.0,28.7,S
2021-06-11T13:21:47,1000.0,28.7,S
2021-06-11T13:21:35,3000.0,28.7,S
2021-06-11T13:21:17,200.0,28.7,S
2021-06-11T13:19:55,10000.0,28.7,S
2021-06-11T13:19:43,1000.0,28.7,S
2021-06-11T13:19:15,500.0,28.75,B
2021-06-11T13:19:10,2000.0,28.7,S
2021-06-11T13:18:56,500.0,28.7,S
2021-06-11T13:18:56,500.0,28.7,S
2021-06-11T13:18:56,3100.0,28.7,S
2021-06-11T13:18:55,3200.0,28.7,S
2021-06-11T13:18:37,400.0,28.7,B
2021-06-11T13:18:25,1000.0,28.6,S
2021-06-11T13:17:19,100.0,28.6,S
2021-06-11T13:16:22,1500.0,28.7,B
2021-06-11T13:15:45,10000.0,28.7,B
2021-06-11T13:15:33,2400.0,28.7,B
2021-06-11T13:13:41,1000.0,28.7,B
2021-06-11T13:12:53,500.0,28.7,B
2021-06-11T13:12:53,1500.0,28.65,B
2021-06-11T13:12:51,200.0,28.6,B
2021-06-11T13:12:37,5000.0,28.6,B
2021-06-11T13:11:22,1600.0,28.6,B
2021-06-11T13:11:22,5100.0,28.6,B
2021-06-11T13:11:22,3900.0,28.6,B
2021-06-11T13:11:07,600.0,28.55,S
2021-06-11T13:10:09,500.0,28.55,S
2021-06-11T13:09:12,5000.0,28.55,S
2021-06-11T13:08:44,100.0,28.55,B
2021-06-11T13:08:42,2200.0,28.55,B
2021-06-11T13:08:33,1200.0,28.6,B
2021-06-11T13:08:32,3800.0,28.6,B
2021-06-11T13:08:08,900.0,28.55,B
2021-06-11T13:08:03,500.0,28.55,B
2021-06-11T13:08:03,1000.0,28.55,B
2021-06-11T13:08:03,1500.0,28.55,B
2021-06-11T13:07:55,500.0,28.55,B
2021-06-11T13:07:16,1000.0,28.55,B
2021-06-11T13:05:24,500.0,28.5,B
2021-06-11T13:05:19,200.0,28.5,B
2021-06-11T13:05:02,800.0,28.5,B
2021-06-11T13:05:02,200.0,28.5,B
2021-06-11T13:05:02,12100.0,28.5,B
2021-06-11T11:29:58,3000.0,28.5,B
2021-06-11T11:29:06,6000.0,28.5,B
2021-06-11T11:28:45,300.0,28.5,S
2021-06-11T11:28:34,200.0,28.5,S
2021-06-11T11:28:23,100.0,28.5,S
2021-06-11T11:28:09,200.0,28.5,S
2021-06-11T11:27:52,100.0,28.5,B
2021-06-11T11:27:52,500.0,28.5,B
2021-06-11T11:27:52,6200.0,28.5,B
2021-06-11T11:27:51,2900.0,28.5,B
2021-06-11T11:26:32,6000.0,28.5,B
2021-06-11T11:26:23,400.0,28.35,S
2021-06-11T11:26:01,300.0,28.5,B
2021-06-11T11:25:25,5800.0,28.5,S
2021-06-11T11:24:46,100.0,28.5,S
2021-06-11T11:24:17,200.0,28.5,B
2021-06-11T11:24:17,8400.0,28.5,B
2021-06-11T11:24:17,100.0,28.5,B
2021-06-11T11:24:17,12800.0,28.5,B
2021-06-11T11:24:17,1000.0,28.5,B
2021-06-11T11:24:17,2000.0,28.5,B
2021-06-11T11:24:17,2000.0,28.4,B
2021-06-11T11:24:17,3700.0,28.4,B
2021-06-11T11:24:17,6100.0,28.4,B
2021-06-11T11:24:14,1000.0,28.3,S
2021-06-11T11:24:08,2900.0,28.3,S
2021-06-11T11:24:07,1300.0,28.4,B
2021-06-11T11:24:07,1200.0,28.4,B
2021-06-11T11:24:07,6200.0,28.4,B
2021-06-11T11:24:07,1300.0,28.35,B
2021-06-11T11:24:06,3700.0,28.35,B
2021-06-11T11:23:53,1000.0,28.3,S
2021-06-11T11:23:37,100.0,28.3,S
2021-06-11T11:22:47,600.0,28.3,S
2021-06-11T11:22:41,2000.0,28.3,B
2021-06-11T11:22:36,200.0,28.3,B
2021-06-11T11:22:22,3700.0,28.3,B
2021-06-11T11:22:14,600.0,28.3,B
2021-06-11T11:22:13,2800.0,28.3,B
2021-06-11T11:21:58,3000.0,28.3,B
2021-06-11T11:21:51,100.0,28.3,B
2021-06-11T11:21:10,5100.0,28.3,B
2021-06-11T11:21:09,2900.0,28.3,B
2021-06-11T11:20:39,200.0,28.25,S
2021-06-11T11:20:15,6100.0,28.25,B
2021-06-11T11:19:41,300.0,28.2,B
2021-06-11T11:19:29,500.0,28.15,S
2021-06-11T11:18:28,300.0,28.2,S
2021-06-11T11:18:05,300.0,28.2,B
2021-06-11T11:15:40,1000.0,28.25,B
2021-06-11T11:15:19,300.0,28.2,S
2021-06-11T11:14:57,300.0,28.2,S
2021-06-11T11:14:47,200.0,28.25,B
2021-06-11T11:14:44,100.0,28.2,S
2021-06-11T11:14:19,2000.0,28.2,S
2021-06-11T11:13:49,500.0,28.2,S
2021-06-11T11:12:44,2000.0,28.2,B
2021-06-11T11:10:45,18000.0,28.2,S
2021-06-11T11:10:01,500.0,28.25,B
2021-06-11T11:09:28,500.0,28.2,S
2021-06-11T11:07:38,1000.0,28.2,S
2021-06-11T11:05:35,500.0,28.2,S
2021-06-11T11:02:27,1300.0,28.2,S
2021-06-11T11:02:27,1100.0,28.2,S
2021-06-11T11:02:27,2600.0,28.25,S
2021-06-11T11:01:28,200.0,28.25,S
2021-06-11T11:01:22,500.0,28.25,B
2021-06-11T11:01:12,200.0,28.25,B
2021-06-11T11:01:10,1000.0,28.2,S
2021-06-11T11:00:59,500.0,28.2,S
2021-06-11T11:00:16,100.0,28.2,S
2021-06-11T11:00:16,1900.0,28.2,S
2021-06-11T11:00:10,2000.0,28.2,S
2021-06-11T10:59:55,3300.0,28.2,S
2021-06-11T10:58:46,1000.0,28.2,S
2021-06-11T10:58:46,2900.0,28.2,S
2021-06-11T10:58:32,600.0,28.2,S
2021-06-11T10:58:32,2400.0,28.2,S
2021-06-11T10:58:04,1000.0,28.2,S
2021-06-11T10:57:21,500.0,28.25,S
2021-06-11T10:56:05,100.0,28.25,S
2021-06-11T10:56:04,900.0,28.25,S
2021-06-11T10:55:55,1000.0,28.25,S
2021-06-11T10:54:26,200.0,28.25,B
2021-06-11T10:53:50,700.0,28.2,S
2021-06-11T10:53:45,1000.0,28.25,B
2021-06-11T10:52:59,400.0,28.25,B
2021-06-11T10:52:44,200.0,28.25,B
2021-06-11T10:51:31,500.0,28.25,S
2021-06-11T10:51:20,1000.0,28.2,S
2021-06-11T10:51:05,1000.0,28.2,S
2021-06-11T10:50:58,4100.0,28.25,S
2021-06-11T10:50:41,1200.0,28.25,S
2021-06-11T10:49:11,100.0,28.25,S
2021-06-11T10:49:04,4300.0,28.3,B
2021-06-11T10:48:34,400.0,28.3,B
2021-06-11T10:46:45,100.0,28.3,B
2021-06-11T10:46:32,1300.0,28.3,B
2021-06-11T10:46:23,1700.0,28.3,B
2021-06-11T10:45:55,1300.0,28.3,B
2021-06-11T10:45:37,600.0,28.3,B
2021-06-11T10:45:37,400.0,28.3,B
2021-06-11T10:45:30,500.0,28.3,B
2021-06-11T10:44:58,500.0,28.3,B
2021-06-11T10:44:55,200.0,28.3,B
2021-06-11T10:44:52,300.0,28.3,B
2021-06-11T10:44:28,100.0,28.3,B
2021-06-11T10:44:25,2000.0,28.3,B
2021-06-11T10:43:37,100.0,28.3,S
2021-06-11T10:43:25,10000.0,28.3,S
2021-06-11T10:43:14,500.0,28.3,S
2021-06-11T10:43:01,100.0,28.3,S
2021-06-11T10:43:00,2500.0,28.3,S
2021-06-11T10:42:56,1000.0,28.3,S
2021-06-11T10:42:43,2600.0,28.35,B
2021-06-11T10:42:29,3200.0,28.35,B
2021-06-11T10:42:26,5000.0,28.3,S
2021-06-11T10:42:24,500.0,28.3,S
2021-06-11T10:42:10,100.0,28.35,B
2021-06-11T10:41:25,1000.0,28.3,S
2021-06-11T10:41:18,100.0,28.3,S
2021-06-11T10:41:02,500.0,28.3,S
2021-06-11T10:40:44,300.0,28.3,S
2021-06-11T10:40:21,300.0,28.35,B
2021-06-11T10:38:41,700.0,28.35,B
2021-06-11T10:38:41,1200.0,28.35,B
2021-06-11T10:38:41,100.0,28.35,B
2021-06-11T10:38:41,500.0,28.35,B
2021-06-11T10:38:30,1000.0,28.3,S
2021-06-11T10:38:26,100.0,28.3,S
2021-06-11T10:38:20,5000.0,28.35,B
2021-06-11T10:38:15,500.0,28.35,B
2021-06-11T10:37:13,10000.0,28.35,B
2021-06-11T10:35:58,9600.0,28.3,B
2021-06-11T10:35:46,10000.0,28.3,B
2021-06-11T10:34:50,1000.0,28.3,B
2021-06-11T10:33:57,400.0,28.3,B
2021-06-11T10:33:27,200.0,28.3,B
2021-06-11T10:31:20,10000.0,28.3,B
2021-06-11T10:31:06,700.0,28.25,S
2021-06-11T10:31:06,300.0,28.25,S
2021-06-11T10:30:21,800.0,28.25,S
2021-06-11T10:30:21,3100.0,28.25,S
2021-06-11T10:29:52,2000.0,28.25,B
2021-06-11T10:29:40,1000.0,28.25,B
2021-06-11T10:29:34,3300.0,28.25,B
2021-06-11T10:29:29,2500.0,28.25,B
2021-06-11T10:27:21,500.0,28.25,B
2021-06-11T10:27:16,5000.0,28.2,S
2021-06-11T10:26:18,700.0,28.25,B
2021-06-11T10:25:53,4200.0,28.25,B
2021-06-11T10:25:29,300.0,28.25,B
2021-06-11T10:24:08,1200.0,28.25,S
2021-06-11T10:23:52,1000.0,28.3,B
2021-06-11T10:22:13,500.0,28.3,B
2021-06-11T10:21:28,2100.0,28.3,S
2021-06-11T10:21:26,5000.0,28.3,S
2021-06-11T10:21:14,500.0,28.35,B
2021-06-11T10:21:13,500.0,28.3,S
2021-06-11T10:21:12,500.0,28.3,S
2021-06-11T10:20:48,500.0,28.3,S
2021-06-11T10:20:42,200.0,28.35,B
2021-06-11T10:20:15,200.0,28.35,B
2021-06-11T10:20:07,100.0,28.3,S
2021-06-11T10:19:58,300.0,28.3,S
2021-06-11T10:19:54,200.0,28.3,S
2021-06-11T10:19:46,300.0,28.3,S
2021-06-11T10:18:07,500.0,28.2,B
2021-06-11T10:17:29,700.0,28.2,B
2021-06-11T10:16:55,10000.0,28.35,B
2021-06-11T10:16:40,6000.0,28.3,B
2021-06-11T10:16:07,1000.0,28.15,S
2021-06-11T10:15:52,100.0,28.2,B
2021-06-11T10:15:33,300.0,28.2,B
2021-06-11T10:12:49,300.0,28.2,S
2021-06-11T10:12:39,200.0,28.2,S
2021-06-11T10:12:20,800.0,28.2,B
2021-06-11T10:11:18,900.0,28.2,S
2021-06-11T10:10:53,500.0,28.2,S
2021-06-11T10:10:26,300.0,28.2,S
2021-06-11T10:09:44,300.0,28.2,S
2021-06-11T10:09:34,700.0,28.2,B
2021-06-11T10:09:34,1800.0,28.2,B
2021-06-11T10:09:26,1000.0,28.2,B
2021-06-11T10:08:31,800.0,28.2,B
2021-06-11T10:05:28,2000.0,28.05,S
2021-06-11T10:04:42,26800.0,28.1,B
2021-06-11T10:04:39,200.0,28.0,S
2021-06-11T10:03:42,100.0,28.0,S
2021-06-11T10:03:22,400.0,28.1,B
2021-06-11T10:02:55,2000.0,28.1,B
2021-06-11T10:02:55,1000.0,28.0,S
2021-06-11T10:02:49,400.0,28.0,S
2021-06-11T10:02:48,1300.0,28.0,S
2021-06-11T10:02:26,900.0,28.0,S
2021-06-11T10:02:14,4000.0,28.0,S
2021-06-11T10:01:32,1600.0,28.0,S
2021-06-11T10:01:24,5000.0,28.0,S
2021-06-11T10:01:11,2000.0,28.0,S
2021-06-11T10:01:05,400.0,28.1,B
2021-06-11T10:00:45,100.0,28.1,B
2021-06-11T10:00:40,200.0,28.1,B
2021-06-11T10:00:06,300.0,28.1,S
2021-06-11T09:59:49,1000.0,28.1,S
2021-06-11T09:59:47,5100.0,28.1,S
2021-06-11T09:59:27,9900.0,28.2,S
2021-06-11T09:59:25,200.0,28.3,B
2021-06-11T09:59:21,1000.0,28.3,B
2021-06-11T09:59:07,900.0,28.3,B
2021-06-11T09:58:45,3000.0,28.3,S
2021-06-11T09:58:44,1000.0,28.4,B
2021-06-11T09:58:30,2000.0,28.3,S
2021-06-11T09:57:29,1000.0,28.4,B
2021-06-11T09:57:03,1100.0,28.4,B
2021-06-11T09:56:37,1600.0,28.2,S
2021-06-11T09:56:09,100.0,28.2,S
2021-06-11T09:56:05,200.0,28.2,S
2021-06-11T09:55:52,3400.0,28.2,B
2021-06-11T09:55:45,1000.0,28.2,B
2021-06-11T09:55:43,2000.0,28.2,B
2021-06-11T09:55:25,500.0,28.2,B
2021-06-11T09:55:02,2000.0,28.2,B
2021-06-11T09:54:47,1000.0,28.2,B
2021-06-11T09:54:26,4900.0,28.2,B
2021-06-11T09:54:26,100.0,28.15,B
2021-06-11T09:54:26,5000.0,28.15,B
2021-06-11T09:53:53,100.0,28.0,B
2021-06-11T09:53:14,500.0,28.0,B
2021-06-11T09:53:14,2300.0,28.0,B
2021-06-11T09:52:29,3000.0,28.0,B
2021-06-11T09:52:27,2000.0,28.0,B
2021-06-11T09:52:10,200.0,28.0,B
2021-06-11T09:51:53,300.0,27.9,S
2021-06-11T09:51:49,200.0,27.9,S
2021-06-11T09:51:44,10000.0,28.0,B
2021-06-11T09:50:50,700.0,27.9,B
2021-06-11T09:50:36,10000.0,27.9,B
2021-06-11T09:50:14,1000.0,27.9,B
2021-06-11T09:49:47,1000.0,27.9,B
2021-06-11T09:49:32,2000.0,27.9,B
2021-06-11T09:49:28,200.0,27.9,B
2021-06-11T09:49:00,1000.0,27.9,B
2021-06-11T09:48:53,300.0,27.9,B
2021-06-11T09:48:50,1500.0,27.9,B
2021-06-11T09:48:10,3000.0,27.9,B
2021-06-11T09:47:58,500.0,27.9,B
2021-06-11T09:47:56,500.0,27.9,B
2021-06-11T09:47:45,1300.0,27.9,B
2021-06-11T09:46:58,2000.0,27.9,B
2021-06-11T09:46:55,1000.0,27.85,S
2021-06-11T09:46:38,10000.0,27.9,B
2021-06-11T09:45:56,100.0,27.85,S
2021-06-11T09:45:34,200.0,27.8,S
2021-06-11T09:45:29,100.0,27.8,S
2021-06-11T09:45:08,100.0,27.8,S
2021-06-11T09:44:45,300.0,27.8,S
2021-06-11T09:43:57,2000.0,27.9,B
2021-06-11T09:43:49,400.0,27.8,S
2021-06-11T09:43:23,500.0,27.8,S
2021-06-11T09:43:12,1000.0,27.9,B
2021-06-11T09:41:50,3000.0,27.9,B
2021-06-11T09:41:44,1000.0,27.9,B
2021-06-11T09:39:42,500.0,27.9,B
2021-06-11T09:38:44,300.0,27.7,S
2021-06-11T09:38:35,1200.0,27.7,S
2021-06-11T09:37:58,700.0,27.7,B
2021-06-11T09:37:41,500.0,27.65,S
2021-06-11T09:37:15,100.0,27.65,S
2021-06-11T09:37:09,4900.0,27.65,S
2021-06-11T09:37:00,200.0,27.7,B
2021-06-11T09:37:00,1800.0,27.7,B
2021-06-11T09:36:52,100.0,27.65,S
2021-06-11T09:36:02,100.0,27.7,B
2021-06-11T09:35:27,200.0,27.7,B
2021-06-11T09:34:25,3000.0,27.7,B
2021-06-11T09:34:06,200.0,27.6,S
2021-06-11T09:32:18,300.0,27.7,B
2021-06-11T09:32:13,100.0,27.6,S
2021-06-11T09:32:13,900.0,27.6,S
2021-06-11T09:31:56,300.0,27.7,B
2021-06-11T09:31:32,1000.0,27.6,S
2021-06-11T09:31:14,800.0,27.7,B
2021-06-11T09:31:13,100.0,27.65,S
2021-06-11T09:31:10,200.0,27.7,B
2021-06-11T09:30:55,500.0,27.7,B
2021-06-11T09:30:47,400.0,27.65,S
2021-06-11T09:30:13,2900.0,27.7,S
2021-06-11T09:29:09,100.0,27.8,B
2021-06-11T09:28:51,100.0,27.8,S
2021-06-11T09:28:33,21400.0,27.8,S
2021-06-11T09:28:15,100.0,27.85,S
2021-06-11T09:27:49,100.0,27.85,S
2021-06-11T09:27:47,1600.0,27.85,S
2021-06-11T09:27:37,200.0,27.85,S
2021-06-11T09:27:00,400.0,27.85,S
2021-06-11T09:26:04,1500.0,27.9,B
2021-06-11T09:25:55,500.0,27.9,S
2021-06-11T09:25:49,1500.0,27.9,S
2021-06-11T09:25:42,200.0,28.0,B
2021-06-11T09:25:32,500.0,28.0,B
2021-06-11T09:25:30,100.0,28.0,B
2021-06-11T09:24:43,100.0,28.0,B
2021-06-11T09:24:10,200.0,28.0,S
2021-06-11T09:24:06,1000.0,28.0,S
2021-06-11T09:24:05,100.0,28.0,S
2021-06-11T09:23:42,2100.0,28.0,S
2021-06-11T09:22:40,1000.0,28.0,S
2021-06-11T09:21:20,3500.0,28.15,B
2021-06-11T09:21:10,4800.0,28.1,S
2021-06-11T09:20:42,200.0,28.1,B
2021-06-11T09:19:35,300.0,28.1,B
2021-06-11T09:18:43,100.0,27.85,S
2021-06-11T09:15:58,1500.0,27.8,B
