tradingTime,volume,price,side
2021-06-11T14:59:32,100.0,21.3,B
2021-06-11T14:58:52,5000.0,21.1,S
2021-06-11T14:57:37,1800.0,21.2,S
2021-06-11T14:57:37,300.0,21.2,B
2021-06-11T14:56:45,100.0,21.2,B
2021-06-11T14:55:23,300.0,21.2,B
2021-06-11T14:53:57,500.0,21.2,B
2021-06-11T14:53:42,1000.0,21.2,B
2021-06-11T14:52:22,6000.0,21.1,S
2021-06-11T14:51:52,1000.0,21.3,B
2021-06-11T14:49:57,100.0,21.3,B
2021-06-11T14:46:45,100.0,21.3,S
2021-06-11T14:45:12,200.0,21.3,B
2021-06-11T14:44:37,900.0,21.2,B
2021-06-11T14:43:42,100.0,21.2,S
2021-06-11T14:42:13,900.0,21.2,B
2021-06-11T14:42:08,100.0,21.2,B
2021-06-11T14:39:37,400.0,21.2,B
2021-06-11T14:39:02,20100.0,21.2,S
2021-06-11T14:37:32,400.0,21.3,B
2021-06-11T14:36:52,100.0,21.3,B
2021-06-11T14:35:57,100.0,21.3,S
2021-06-11T14:35:07,1000.0,21.3,B
2021-06-11T14:34:52,200.0,21.3,B
2021-06-11T14:34:52,200.0,21.2,S
2021-06-11T14:34:12,900.0,21.3,S
2021-06-11T14:31:02,500.0,21.3,S
2021-06-11T14:31:02,3000.0,21.3,S
2021-06-11T14:29:55,2500.0,21.3,S
2021-06-11T14:28:48,800.0,21.4,B
2021-06-11T14:27:47,4600.0,21.4,B
2021-06-11T14:27:01,200.0,21.4,B
2021-06-11T14:26:22,100.0,21.3,S
2021-06-11T14:26:20,900.0,21.3,B
2021-06-11T14:25:54,600.0,21.3,S
2021-06-11T14:25:09,100.0,21.3,S
2021-06-11T14:24:20,200.0,21.3,B
2021-06-11T14:24:08,5000.0,21.3,B
2021-06-11T14:23:59,200.0,21.3,B
2021-06-11T14:19:02,1200.0,21.2,B
2021-06-11T14:18:48,200.0,21.2,B
2021-06-11T14:17:23,100.0,21.2,S
2021-06-11T14:16:21,100.0,21.1,B
2021-06-11T14:16:15,200.0,21.1,B
2021-06-11T14:16:08,500.0,21.1,B
2021-06-11T14:15:42,2000.0,21.1,B
2021-06-11T14:15:19,2000.0,21.1,B
2021-06-11T14:15:04,1000.0,21.1,B
2021-06-11T14:14:59,500.0,21.1,B
2021-06-11T14:14:37,1000.0,21.1,B
2021-06-11T14:14:35,2000.0,21.0,S
2021-06-11T14:14:11,800.0,21.0,S
2021-06-11T14:13:57,8300.0,21.1,S
2021-06-11T14:13:52,300.0,21.3,B
2021-06-11T14:12:51,1000.0,21.3,B
2021-06-11T14:12:12,100.0,21.3,B
2021-06-11T14:08:52,200.0,21.3,B
2021-06-11T14:08:51,5000.0,21.3,B
2021-06-11T14:07:43,100.0,21.3,B
2021-06-11T14:07:15,2000.0,21.3,B
2021-06-11T14:06:36,1500.0,21.3,B
2021-06-11T14:06:32,3900.0,21.1,B
2021-06-11T14:05:12,500.0,21.3,B
2021-06-11T14:05:06,200.0,21.3,B
2021-06-11T14:04:37,100.0,21.3,B
2021-06-11T14:01:25,100.0,21.3,B
2021-06-11T13:57:00,100.0,21.1,B
2021-06-11T13:56:48,100.0,21.1,B
2021-06-11T13:56:31,1500.0,21.1,B
2021-06-11T13:55:32,1300.0,21.1,S
2021-06-11T13:55:05,1000.0,21.1,S
2021-06-11T13:54:50,2000.0,21.1,S
2021-06-11T13:54:11,700.0,21.2,B
2021-06-11T13:53:13,800.0,21.1,B
2021-06-11T13:52:36,500.0,21.1,B
2021-06-11T13:51:10,4900.0,21.0,S
2021-06-11T13:50:59,600.0,21.1,B
2021-06-11T13:50:26,100.0,21.0,S
2021-06-11T13:49:15,500.0,21.0,S
2021-06-11T13:49:10,500.0,21.0,S
2021-06-11T13:48:58,200.0,21.0,B
2021-06-11T13:48:50,100.0,21.0,B
2021-06-11T13:48:29,500.0,21.0,B
2021-06-11T13:48:02,200.0,21.0,S
2021-06-11T13:47:25,400.0,21.0,B
2021-06-11T13:46:44,49600.0,21.0,B
2021-06-11T13:45:53,200.0,21.0,S
2021-06-11T13:45:35,200.0,21.0,S
2021-06-11T13:43:22,1500.0,21.0,S
2021-06-11T13:42:51,2900.0,21.0,S
2021-06-11T13:41:51,100.0,21.1,S
2021-06-11T13:40:24,100.0,21.1,B
2021-06-11T13:40:07,100.0,21.1,B
2021-06-11T13:40:01,9800.0,21.1,S
2021-06-11T13:39:22,2500.0,21.1,S
2021-06-11T13:38:48,300.0,21.1,S
2021-06-11T13:38:39,4000.0,21.1,S
2021-06-11T13:38:20,3000.0,21.1,S
2021-06-11T13:36:26,100.0,21.1,S
2021-06-11T13:36:17,100.0,21.1,S
2021-06-11T13:36:07,3000.0,21.1,S
2021-06-11T13:35:31,2000.0,21.1,S
2021-06-11T13:35:28,4000.0,21.1,S
2021-06-11T13:35:17,5000.0,21.1,S
2021-06-11T13:35:02,1000.0,21.1,S
2021-06-11T13:34:34,1000.0,21.1,S
2021-06-11T13:34:15,4000.0,21.1,S
2021-06-11T13:34:01,1000.0,21.1,S
2021-06-11T13:33:21,700.0,21.1,S
2021-06-11T13:33:03,1000.0,21.2,B
2021-06-11T13:32:38,5000.0,21.1,S
2021-06-11T13:32:06,100.0,21.1,S
2021-06-11T13:31:16,500.0,21.2,B
2021-06-11T13:30:55,12400.0,21.2,S
2021-06-11T13:30:32,100.0,21.2,S
2021-06-11T13:30:07,300.0,21.2,S
2021-06-11T13:28:52,200.0,21.2,S
2021-06-11T13:28:09,100.0,21.2,S
2021-06-11T13:27:30,1000.0,21.4,B
2021-06-11T13:25:59,100.0,21.4,B
2021-06-11T13:24:43,5000.0,21.4,B
2021-06-11T13:24:02,200.0,21.3,B
2021-06-11T13:23:19,500.0,21.4,B
2021-06-11T13:23:12,100.0,21.4,S
2021-06-11T13:23:09,200.0,21.4,S
2021-06-11T13:23:02,4700.0,21.4,B
2021-06-11T13:22:46,300.0,21.4,B
2021-06-11T13:22:38,24200.0,21.4,S
2021-06-11T13:21:48,1000.0,21.5,B
2021-06-11T13:21:32,1000.0,21.5,B
2021-06-11T13:21:23,500.0,21.4,S
2021-06-11T13:21:03,1000.0,21.5,B
2021-06-11T13:20:52,5000.0,21.4,S
2021-06-11T13:20:38,5000.0,21.4,S
2021-06-11T13:20:18,3000.0,21.4,S
2021-06-11T13:20:13,2000.0,21.5,B
2021-06-11T13:19:34,3000.0,21.5,B
2021-06-11T13:18:30,11300.0,21.5,B
2021-06-11T13:16:53,400.0,21.5,S
2021-06-11T13:16:31,100.0,21.5,S
2021-06-11T13:16:23,1000.0,21.5,S
2021-06-11T13:16:15,1000.0,21.5,S
2021-06-11T13:16:11,200.0,21.5,S
2021-06-11T13:15:08,1000.0,21.7,B
2021-06-11T13:14:25,500.0,21.7,B
2021-06-11T13:14:19,4500.0,21.6,S
2021-06-11T13:13:31,4500.0,21.6,S
2021-06-11T13:13:23,1000.0,21.6,B
2021-06-11T13:13:03,100.0,21.6,B
2021-06-11T13:12:33,4500.0,21.5,B
2021-06-11T13:12:20,1700.0,21.5,B
2021-06-11T13:12:09,200.0,21.5,B
2021-06-11T13:12:03,1000.0,21.4,S
2021-06-11T13:12:02,1000.0,21.4,S
2021-06-11T13:11:49,12000.0,21.5,B
2021-06-11T13:11:12,800.0,21.4,B
2021-06-11T13:11:11,200.0,21.4,S
2021-06-11T13:10:05,400.0,21.4,B
2021-06-11T13:09:30,3000.0,21.4,B
2021-06-11T13:08:35,100.0,21.2,S
2021-06-11T11:28:31,1000.0,21.1,S
2021-06-11T11:26:47,7200.0,21.1,S
2021-06-11T11:24:44,1000.0,21.2,B
2021-06-11T11:24:07,500.0,21.1,S
2021-06-11T11:23:22,200.0,21.2,B
2021-06-11T11:21:22,200.0,21.2,B
2021-06-11T11:21:10,5500.0,21.1,S
2021-06-11T11:20:31,600.0,21.2,B
2021-06-11T11:19:29,500.0,21.1,S
2021-06-11T11:19:17,500.0,21.1,B
2021-06-11T11:18:44,1000.0,21.2,B
2021-06-11T11:18:42,3000.0,21.2,B
2021-06-11T11:18:37,2000.0,21.2,B
2021-06-11T11:18:30,2200.0,21.2,B
2021-06-11T11:18:26,400.0,21.2,B
2021-06-11T11:18:24,1000.0,21.2,B
2021-06-11T11:18:11,2000.0,21.2,B
2021-06-11T11:15:28,400.0,21.2,B
2021-06-11T11:15:23,1700.0,21.2,B
2021-06-11T11:12:54,300.0,21.2,B
2021-06-11T11:12:27,1000.0,21.2,B
2021-06-11T11:12:24,400.0,21.0,S
2021-06-11T11:10:32,2000.0,21.0,S
2021-06-11T11:08:03,1000.0,21.0,S
2021-06-11T11:06:17,3000.0,21.0,S
2021-06-11T11:05:13,3800.0,21.0,B
2021-06-11T11:05:06,1500.0,21.0,B
2021-06-11T11:04:32,1000.0,21.0,B
2021-06-11T11:02:53,1000.0,20.9,S
2021-06-11T11:02:04,1000.0,20.9,S
2021-06-11T11:01:02,200.0,20.9,S
2021-06-11T11:01:00,100.0,20.9,S
2021-06-11T11:00:54,1000.0,20.9,S
2021-06-11T10:58:09,5000.0,20.9,S
2021-06-11T10:57:17,100.0,20.9,S
2021-06-11T10:57:14,1300.0,20.9,S
2021-06-11T10:56:26,100.0,20.9,B
2021-06-11T10:55:40,500.0,20.9,B
2021-06-11T10:55:25,300.0,20.9,S
2021-06-11T10:55:24,100.0,20.9,S
2021-06-11T10:55:04,100.0,20.9,S
2021-06-11T10:54:30,100.0,20.9,S
2021-06-11T10:54:25,1000.0,20.9,S
2021-06-11T10:54:02,500.0,20.9,S
2021-06-11T10:52:46,1000.0,20.9,S
2021-06-11T10:52:28,700.0,20.9,S
2021-06-11T10:51:31,400.0,20.9,S
2021-06-11T10:50:32,1100.0,20.9,B
2021-06-11T10:50:16,2500.0,20.9,S
2021-06-11T10:50:01,100.0,20.9,B
2021-06-11T10:49:54,1000.0,20.9,B
2021-06-11T10:49:42,100.0,20.9,B
2021-06-11T10:49:35,100.0,20.9,B
2021-06-11T10:49:18,1500.0,20.9,B
2021-06-11T10:49:17,1000.0,20.9,B
2021-06-11T10:48:57,400.0,20.9,B
2021-06-11T10:48:17,10000.0,20.9,B
2021-06-11T10:48:12,1000.0,20.8,B
2021-06-11T10:48:07,100.0,20.8,B
2021-06-11T10:47:53,10000.0,20.9,B
2021-06-11T10:47:39,4100.0,20.8,B
2021-06-11T10:47:18,10000.0,20.9,B
2021-06-11T10:47:06,6900.0,20.8,S
2021-06-11T10:46:29,200.0,20.8,S
2021-06-11T10:45:15,8000.0,20.8,S
2021-06-11T10:45:07,2000.0,20.8,S
2021-06-11T10:43:57,1000.0,20.8,S
2021-06-11T10:43:56,6000.0,20.8,S
2021-06-11T10:43:40,8500.0,20.9,B
2021-06-11T10:43:27,100.0,20.8,S
2021-06-11T10:43:23,1500.0,20.9,B
2021-06-11T10:42:56,100.0,20.9,B
2021-06-11T10:42:52,100.0,20.9,B
2021-06-11T10:42:49,100.0,20.9,B
2021-06-11T10:42:37,100.0,20.9,B
2021-06-11T10:42:17,100.0,20.9,B
2021-06-11T10:41:19,100.0,20.8,S
2021-06-11T10:40:53,4000.0,20.8,S
2021-06-11T10:40:42,200.0,20.9,S
2021-06-11T10:40:22,2000.0,20.8,S
2021-06-11T10:40:11,100.0,20.8,S
2021-06-11T10:39:44,20000.0,20.8,S
2021-06-11T10:39:12,1600.0,20.9,S
2021-06-11T10:39:10,1200.0,20.9,S
2021-06-11T10:38:57,100.0,20.9,S
2021-06-11T10:38:21,20000.0,20.8,S
2021-06-11T10:37:53,3000.0,20.9,S
2021-06-11T10:37:38,400.0,20.9,S
2021-06-11T10:37:35,12400.0,21.0,B
2021-06-11T10:36:26,2300.0,20.9,B
2021-06-11T10:36:18,1100.0,20.9,B
2021-06-11T10:36:08,500.0,20.9,B
2021-06-11T10:35:58,200.0,20.9,B
2021-06-11T10:35:57,200.0,20.9,B
2021-06-11T10:35:53,11700.0,20.9,B
2021-06-11T10:35:51,5000.0,21.0,S
2021-06-11T10:35:45,4500.0,21.0,S
2021-06-11T10:35:37,20000.0,21.0,S
2021-06-11T10:34:59,10000.0,21.0,S
2021-06-11T10:34:36,500.0,21.1,B
2021-06-11T10:34:08,3800.0,21.1,S
2021-06-11T10:33:13,100.0,21.1,S
2021-06-11T10:30:26,100.0,21.1,S
2021-06-11T10:29:50,200.0,21.1,S
2021-06-11T10:29:49,100.0,21.1,S
2021-06-11T10:29:29,2900.0,21.1,B
2021-06-11T10:28:47,200.0,21.1,B
2021-06-11T10:28:46,3900.0,21.1,B
2021-06-11T10:27:31,1100.0,21.1,S
2021-06-11T10:25:51,600.0,21.1,S
2021-06-11T10:22:22,1000.0,21.0,S
2021-06-11T10:21:35,1500.0,21.0,S
2021-06-11T10:21:04,5000.0,21.0,S
2021-06-11T10:19:31,1100.0,21.1,S
2021-06-11T10:19:29,100.0,21.1,S
2021-06-11T10:18:54,200.0,21.1,S
2021-06-11T10:17:46,10000.0,21.1,S
2021-06-11T10:15:12,100.0,21.1,S
2021-06-11T10:13:27,800.0,21.1,B
2021-06-11T10:11:56,200.0,21.1,B
2021-06-11T10:11:24,2000.0,21.1,B
2021-06-11T10:11:17,200.0,21.1,B
2021-06-11T10:10:46,1300.0,21.1,S
2021-06-11T10:09:06,10000.0,21.1,S
2021-06-11T10:08:54,100.0,21.1,S
2021-06-11T10:08:24,5000.0,21.1,S
2021-06-11T10:07:23,2000.0,21.1,S
2021-06-11T10:05:34,1700.0,21.1,S
2021-06-11T10:05:24,1600.0,21.1,S
2021-06-11T10:04:53,1000.0,21.1,S
2021-06-11T10:04:22,1000.0,21.2,B
2021-06-11T10:03:39,500.0,21.2,B
2021-06-11T10:03:36,900.0,21.2,B
2021-06-11T10:02:05,5000.0,21.2,B
2021-06-11T10:01:52,1000.0,21.2,B
2021-06-11T09:58:01,200.0,21.2,B
2021-06-11T09:57:47,100.0,21.2,B
2021-06-11T09:56:12,300.0,21.2,B
2021-06-11T09:55:44,500.0,21.2,B
2021-06-11T09:55:38,100.0,21.2,B
2021-06-11T09:55:00,2000.0,21.2,B
2021-06-11T09:53:16,200.0,21.2,B
2021-06-11T09:52:32,300.0,21.2,B
2021-06-11T09:52:31,400.0,21.2,S
2021-06-11T09:52:27,200.0,21.2,S
2021-06-11T09:52:04,2000.0,21.2,S
2021-06-11T09:50:20,500.0,21.2,S
2021-06-11T09:48:59,2000.0,21.2,B
2021-06-11T09:48:33,800.0,21.1,B
2021-06-11T09:48:09,2500.0,21.0,S
2021-06-11T09:47:51,2000.0,21.0,S
2021-06-11T09:47:48,2000.0,21.1,B
2021-06-11T09:47:08,2700.0,21.1,S
2021-06-11T09:46:07,500.0,21.2,B
2021-06-11T09:45:39,300.0,21.1,B
2021-06-11T09:45:36,500.0,21.1,B
2021-06-11T09:44:09,2200.0,21.1,S
2021-06-11T09:43:08,2500.0,21.1,S
2021-06-11T09:42:12,100.0,21.1,S
2021-06-11T09:42:05,500.0,21.1,S
2021-06-11T09:42:04,800.0,21.1,S
2021-06-11T09:42:03,100.0,21.1,S
2021-06-11T09:41:17,100.0,21.1,S
2021-06-11T09:40:07,100.0,21.1,S
2021-06-11T09:39:51,1500.0,21.2,B
2021-06-11T09:38:44,400.0,21.1,S
2021-06-11T09:35:44,1300.0,21.1,S
2021-06-11T09:34:23,500.0,21.2,B
2021-06-11T09:34:00,400.0,21.2,S
2021-06-11T09:33:38,600.0,21.2,B
2021-06-11T09:33:37,1000.0,21.1,S
2021-06-11T09:33:17,6000.0,21.2,B
2021-06-11T09:32:37,2300.0,21.1,S
2021-06-11T09:32:28,4000.0,21.1,S
2021-06-11T09:32:18,100.0,21.2,B
2021-06-11T09:32:05,3900.0,21.2,S
2021-06-11T09:32:00,6200.0,21.2,S
2021-06-11T09:31:59,4000.0,21.2,S
2021-06-11T09:31:24,200.0,21.2,S
2021-06-11T09:30:55,100.0,21.2,S
2021-06-11T09:30:49,100.0,21.2,S
2021-06-11T09:30:22,1500.0,21.2,S
2021-06-11T09:30:09,100.0,21.3,B
2021-06-11T09:28:56,3000.0,21.3,S
2021-06-11T09:28:55,1000.0,21.3,S
2021-06-11T09:28:37,1000.0,21.3,S
2021-06-11T09:28:24,100.0,21.3,S
2021-06-11T09:27:33,3800.0,21.2,S
2021-06-11T09:27:23,100.0,21.2,S
2021-06-11T09:25:57,200.0,21.2,S
2021-06-11T09:25:06,3000.0,21.3,B
2021-06-11T09:25:05,1000.0,21.2,S
2021-06-11T09:24:25,400.0,21.2,B
2021-06-11T09:24:17,1000.0,21.2,B
2021-06-11T09:24:06,100.0,21.2,B
2021-06-11T09:24:05,500.0,21.2,B
2021-06-11T09:23:43,200.0,21.2,B
2021-06-11T09:22:26,3000.0,21.2,B
2021-06-11T09:21:29,1500.0,21.1,S
2021-06-11T09:18:34,2500.0,21.1,S
2021-06-11T09:18:10,400.0,21.1,S
2021-06-11T09:17:36,500.0,21.1,S
2021-06-11T09:17:17,3500.0,21.1,B
2021-06-11T09:17:08,100.0,21.1,B
2021-06-11T09:17:02,1000.0,21.1,B
2021-06-11T09:16:59,300.0,21.1,B
2021-06-11T09:16:53,2000.0,21.1,B
2021-06-11T09:16:50,100.0,21.1,B
2021-06-11T09:16:40,300.0,21.0,S
2021-06-11T09:15:56,100.0,21.1,B
2021-06-11T09:14:36,1000.0,21.1,B
2021-06-11T09:14:03,400.0,21.0,S
2021-06-11T09:13:15,500.0,21.0,S
2021-06-11T09:13:13,300.0,21.1,S
2021-06-11T09:12:57,700.0,21.1,S
2021-06-11T09:11:53,2600.0,21.1,S
2021-06-11T09:10:30,500.0,21.2,B
2021-06-11T09:09:05,100.0,21.2,B
2021-06-11T09:06:42,200.0,21.2,S
2021-06-11T09:04:28,3200.0,21.1,B
2021-06-11T09:02:54,100.0,21.1,B
2021-06-11T09:01:23,200.0,21.1,B
2021-06-11T09:01:18,1000.0,21.1,B
2021-06-11T09:00:48,3000.0,21.1,B
2021-06-11T09:00:44,100.0,21.0,B
2021-06-11T09:00:40,100.0,21.0,B
2021-06-11T09:00:16,1000.0,21.0,B
