tradingTime,volume,price,side
2021-06-11T14:29:20,1100.0,105.0,S
2021-06-11T14:29:19,2000.0,105.0,S
2021-06-11T14:28:52,200.0,105.0,S
2021-06-11T14:28:44,1600.0,105.0,S
2021-06-11T14:28:29,100.0,105.1,B
2021-06-11T14:28:23,1200.0,104.8,S
2021-06-11T14:28:23,1700.0,104.8,S
2021-06-11T14:28:16,600.0,105.0,B
2021-06-11T14:28:07,100.0,105.0,B
2021-06-11T14:28:05,1600.0,105.0,B
2021-06-11T14:27:59,5000.0,105.0,B
2021-06-11T14:27:46,2500.0,105.0,B
2021-06-11T14:27:43,9000.0,105.0,B
2021-06-11T14:27:36,1500.0,104.9,S
2021-06-11T14:27:23,2700.0,104.9,S
2021-06-11T14:27:23,2300.0,104.9,S
2021-06-11T14:27:11,10000.0,104.9,S
2021-06-11T14:26:59,300.0,104.9,S
2021-06-11T14:26:22,500.0,104.9,S
2021-06-11T14:26:18,200.0,104.9,S
2021-06-11T14:26:09,5000.0,104.9,S
2021-06-11T14:25:51,600.0,104.9,S
2021-06-11T14:24:41,2400.0,104.9,S
2021-06-11T14:23:50,1200.0,104.9,S
2021-06-11T14:23:37,100.0,105.0,B
2021-06-11T14:23:36,8500.0,105.0,B
2021-06-11T14:22:54,1500.0,105.0,B
2021-06-11T14:22:54,500.0,105.0,B
2021-06-11T14:22:42,200.0,105.0,B
2021-06-11T14:22:38,2400.0,104.9,S
2021-06-11T14:21:56,1100.0,105.0,B
2021-06-11T14:21:55,3200.0,105.0,B
2021-06-11T14:21:55,4800.0,105.0,B
2021-06-11T14:21:21,500.0,105.0,B
2021-06-11T14:20:52,200.0,105.0,B
2021-06-11T14:20:22,9200.0,105.0,B
2021-06-11T14:19:52,100.0,105.0,B
2021-06-11T14:19:39,4000.0,105.0,B
2021-06-11T14:19:15,2300.0,104.9,S
2021-06-11T14:18:49,200.0,105.0,B
2021-06-11T14:18:41,300.0,104.9,S
2021-06-11T14:18:02,1300.0,104.9,S
2021-06-11T14:17:10,200.0,104.9,S
2021-06-11T14:16:43,5000.0,105.0,B
2021-06-11T14:16:15,700.0,104.9,S
2021-06-11T14:15:47,900.0,104.9,S
2021-06-11T14:15:37,2000.0,105.0,B
2021-06-11T14:15:22,2400.0,104.9,S
2021-06-11T14:15:21,1100.0,104.9,S
2021-06-11T14:14:31,5000.0,104.9,S
2021-06-11T14:14:25,2500.0,105.0,B
2021-06-11T14:13:16,1100.0,104.9,S
2021-06-11T14:13:16,2100.0,104.9,S
2021-06-11T14:13:15,3400.0,104.9,S
2021-06-11T14:12:44,3000.0,105.0,B
2021-06-11T14:12:14,7000.0,105.0,B
2021-06-11T14:11:57,7200.0,105.0,B
2021-06-11T14:11:50,1000.0,105.0,B
2021-06-11T14:11:41,1000.0,105.0,B
2021-06-11T14:11:32,700.0,105.0,B
2021-06-11T14:11:32,300.0,105.0,B
2021-06-11T14:11:25,1000.0,104.9,S
2021-06-11T14:10:49,100.0,104.9,S
2021-06-11T14:10:35,5000.0,104.9,S
2021-06-11T14:10:01,400.0,104.9,S
2021-06-11T14:09:49,300.0,104.9,S
2021-06-11T14:08:52,1000.0,104.9,S
2021-06-11T14:08:28,3900.0,104.9,S
2021-06-11T14:08:08,400.0,105.1,B
2021-06-11T14:07:42,2300.0,105.1,B
2021-06-11T14:07:07,7900.0,104.9,S
2021-06-11T14:06:47,5000.0,104.9,S
2021-06-11T14:06:37,4700.0,105.1,B
2021-06-11T14:06:22,1100.0,105.0,B
2021-06-11T14:06:21,1200.0,105.0,B
2021-06-11T14:06:20,17700.0,105.0,B
2021-06-11T14:06:20,2300.0,105.0,B
2021-06-11T14:06:10,200.0,104.9,S
2021-06-11T14:06:01,4700.0,104.9,S
2021-06-11T14:05:49,800.0,105.0,B
2021-06-11T14:05:38,1900.0,105.0,B
2021-06-11T14:05:37,1400.0,105.0,B
2021-06-11T14:05:30,2400.0,105.0,B
2021-06-11T14:05:14,7000.0,104.9,S
2021-06-11T14:05:10,6100.0,104.9,S
2021-06-11T14:04:53,10000.0,105.0,B
2021-06-11T14:04:34,2400.0,104.9,S
2021-06-11T14:04:34,7600.0,104.9,S
2021-06-11T14:02:48,3000.0,104.9,S
2021-06-11T14:02:41,1200.0,105.0,B
2021-06-11T14:02:04,200.0,104.9,S
2021-06-11T14:01:38,600.0,104.9,S
2021-06-11T14:01:04,500.0,104.9,S
2021-06-11T14:00:58,2000.0,105.0,B
2021-06-11T14:00:34,100.0,104.9,S
2021-06-11T13:59:56,100.0,104.9,S
2021-06-11T13:59:12,500.0,104.9,S
2021-06-11T13:58:34,1500.0,104.9,S
2021-06-11T13:58:34,700.0,104.9,S
2021-06-11T13:57:49,7000.0,104.9,S
2021-06-11T13:57:10,800.0,104.9,B
2021-06-11T13:56:01,100.0,104.9,B
2021-06-11T13:54:51,800.0,104.8,S
2021-06-11T13:54:24,3000.0,104.8,S
2021-06-11T13:53:45,5000.0,104.8,S
2021-06-11T13:52:52,1600.0,104.8,S
2021-06-11T13:52:52,3400.0,104.8,S
2021-06-11T13:52:16,100.0,104.9,S
2021-06-11T13:51:58,2000.0,104.8,S
2021-06-11T13:51:53,100.0,104.8,S
2021-06-11T13:51:44,3000.0,104.8,S
2021-06-11T13:51:44,500.0,104.9,S
2021-06-11T13:51:44,4300.0,104.9,S
2021-06-11T13:51:32,100.0,104.9,S
2021-06-11T13:51:32,100.0,104.9,S
2021-06-11T13:51:31,13700.0,104.9,S
2021-06-11T13:51:31,2000.0,105.0,S
2021-06-11T13:51:31,10600.0,105.0,S
2021-06-11T13:51:31,2000.0,105.0,S
2021-06-11T13:51:31,2700.0,105.0,S
2021-06-11T13:50:58,1000.0,105.0,S
2021-06-11T13:50:01,1200.0,105.0,S
2021-06-11T13:50:01,100.0,105.0,S
2021-06-11T13:49:42,3300.0,105.1,B
2021-06-11T13:49:21,2000.0,105.1,B
2021-06-11T13:49:03,2900.0,105.1,B
2021-06-11T13:49:02,8600.0,105.1,B
2021-06-11T13:48:59,5000.0,105.0,S
2021-06-11T13:48:52,100.0,105.1,B
2021-06-11T13:48:45,600.0,105.1,B
2021-06-11T13:48:42,600.0,105.1,B
2021-06-11T13:48:38,600.0,105.1,B
2021-06-11T13:48:33,600.0,105.1,B
2021-06-11T13:48:29,600.0,105.1,B
2021-06-11T13:48:24,600.0,105.1,B
2021-06-11T13:48:24,2400.0,105.1,B
2021-06-11T13:48:19,5000.0,105.0,B
2021-06-11T13:48:19,600.0,105.0,B
2021-06-11T13:48:13,600.0,105.0,B
2021-06-11T13:48:07,600.0,105.0,B
2021-06-11T13:47:50,2300.0,105.0,B
2021-06-11T13:47:39,2000.0,105.0,B
2021-06-11T13:47:37,5000.0,104.9,S
2021-06-11T13:47:25,8600.0,105.0,B
2021-06-11T13:47:24,100.0,105.0,B
2021-06-11T13:47:18,600.0,105.0,B
2021-06-11T13:47:15,600.0,105.0,B
2021-06-11T13:47:14,2700.0,105.0,B
2021-06-11T13:47:09,600.0,105.0,B
2021-06-11T13:47:05,600.0,105.0,B
2021-06-11T13:47:00,600.0,105.0,B
2021-06-11T13:46:56,600.0,105.0,B
2021-06-11T13:46:51,600.0,105.0,B
2021-06-11T13:46:48,100.0,105.0,B
2021-06-11T13:46:46,600.0,105.0,B
2021-06-11T13:46:41,600.0,105.0,B
2021-06-11T13:46:33,2600.0,105.0,B
2021-06-11T13:46:02,2400.0,105.0,B
2021-06-11T13:45:49,8700.0,105.0,B
2021-06-11T13:45:48,100.0,105.0,B
2021-06-11T13:45:43,1000.0,105.0,B
2021-06-11T13:45:41,600.0,105.0,B
2021-06-11T13:45:30,600.0,105.0,B
2021-06-11T13:45:30,3000.0,105.0,B
2021-06-11T13:45:26,600.0,105.0,B
2021-06-11T13:45:20,2400.0,105.0,B
2021-06-11T13:45:20,600.0,105.0,B
2021-06-11T13:45:19,15000.0,105.0,B
2021-06-11T13:45:18,5000.0,105.0,B
2021-06-11T13:45:15,600.0,105.0,B
2021-06-11T13:45:11,3000.0,104.9,S
2021-06-11T13:45:07,600.0,105.0,B
2021-06-11T13:45:01,600.0,105.0,B
2021-06-11T13:44:55,2600.0,105.0,B
2021-06-11T13:44:54,600.0,105.0,B
2021-06-11T13:44:42,600.0,105.0,B
2021-06-11T13:44:20,2400.0,105.0,B
2021-06-11T13:43:48,3300.0,104.9,S
2021-06-11T13:43:48,100.0,104.9,S
2021-06-11T13:43:37,2300.0,105.0,B
2021-06-11T13:43:25,100.0,104.9,S
2021-06-11T13:43:11,2000.0,104.9,S
2021-06-11T13:42:40,500.0,104.9,S
2021-06-11T13:42:22,1000.0,104.9,S
2021-06-11T13:42:00,800.0,104.9,S
2021-06-11T13:41:44,3400.0,104.9,S
2021-06-11T13:41:30,800.0,104.9,S
2021-06-11T13:41:30,2000.0,104.9,S
2021-06-11T13:41:29,10600.0,104.9,S
2021-06-11T13:40:40,2900.0,104.9,S
2021-06-11T13:40:33,200.0,105.0,B
2021-06-11T13:40:18,900.0,104.9,S
2021-06-11T13:40:18,7100.0,105.0,B
2021-06-11T13:40:12,5000.0,105.0,B
2021-06-11T13:40:02,7900.0,105.0,B
2021-06-11T13:39:58,100.0,105.0,B
2021-06-11T13:39:58,10600.0,105.0,B
2021-06-11T13:39:58,8800.0,105.0,B
2021-06-11T13:39:43,10000.0,104.9,S
2021-06-11T13:37:13,300.0,104.9,S
2021-06-11T13:35:33,900.0,104.9,S
2021-06-11T13:35:10,2600.0,104.9,S
2021-06-11T13:34:23,1000.0,104.9,S
2021-06-11T13:34:11,200.0,104.9,S
2021-06-11T13:34:07,3900.0,104.9,S
2021-06-11T13:33:56,1000.0,105.0,S
2021-06-11T13:33:47,5000.0,104.9,S
2021-06-11T13:33:44,10400.0,104.9,S
2021-06-11T13:33:43,100.0,105.0,S
2021-06-11T13:33:23,4000.0,105.1,B
2021-06-11T13:33:14,5000.0,105.0,B
2021-06-11T13:32:54,300.0,105.0,B
2021-06-11T13:32:46,2300.0,105.0,B
2021-06-11T13:32:38,2700.0,105.0,B
2021-06-11T13:32:35,500.0,105.0,B
2021-06-11T13:32:34,3000.0,105.0,B
2021-06-11T13:32:15,3000.0,105.0,B
2021-06-11T13:32:12,500.0,105.0,B
2021-06-11T13:32:12,5000.0,105.0,B
2021-06-11T13:32:03,9800.0,105.0,B
2021-06-11T13:31:51,5500.0,105.0,B
2021-06-11T13:31:24,100.0,105.0,B
2021-06-11T13:31:20,2000.0,105.0,B
2021-06-11T13:31:15,7900.0,105.0,B
2021-06-11T13:31:14,900.0,105.0,B
2021-06-11T13:30:53,3000.0,105.0,B
2021-06-11T13:30:02,5000.0,104.9,S
2021-06-11T13:29:56,2000.0,105.0,B
2021-06-11T13:29:54,2100.0,105.0,B
2021-06-11T13:29:54,100.0,105.0,B
2021-06-11T13:29:54,600.0,105.0,B
2021-06-11T13:29:54,7200.0,105.0,B
2021-06-11T13:29:34,5000.0,104.9,S
2021-06-11T13:29:17,1100.0,104.9,S
2021-06-11T13:29:17,1900.0,104.9,S
2021-06-11T13:29:05,100.0,105.0,B
2021-06-11T13:28:39,10000.0,105.0,B
2021-06-11T13:28:36,100.0,104.9,S
2021-06-11T13:28:25,1400.0,104.9,S
2021-06-11T13:28:00,400.0,104.9,S
2021-06-11T13:27:48,5000.0,104.9,S
2021-06-11T13:27:36,500.0,104.9,S
2021-06-11T13:27:27,1100.0,104.9,S
2021-06-11T13:26:51,1000.0,104.9,S
2021-06-11T13:25:49,2800.0,104.9,S
2021-06-11T13:25:45,800.0,105.0,B
2021-06-11T13:24:58,500.0,105.0,B
2021-06-11T13:24:43,5500.0,104.9,S
2021-06-11T13:24:30,5000.0,104.9,S
2021-06-11T13:24:29,2000.0,104.9,S
2021-06-11T13:23:53,500.0,104.9,S
2021-06-11T13:23:19,2100.0,104.9,S
2021-06-11T13:23:19,500.0,104.9,S
2021-06-11T13:22:55,2900.0,104.9,S
2021-06-11T13:22:39,2600.0,104.9,S
2021-06-11T13:22:15,300.0,105.0,B
2021-06-11T13:21:31,500.0,105.0,B
2021-06-11T13:20:58,2200.0,104.9,S
2021-06-11T13:20:46,5000.0,104.9,S
2021-06-11T13:20:34,1000.0,105.0,B
2021-06-11T13:20:05,800.0,104.9,S
2021-06-11T13:19:55,1500.0,105.0,B
2021-06-11T13:19:53,100.0,104.9,S
2021-06-11T13:19:32,3200.0,104.9,S
2021-06-11T13:19:03,5400.0,104.9,S
2021-06-11T13:18:03,5000.0,104.9,S
2021-06-11T13:17:46,2000.0,104.9,S
2021-06-11T13:17:22,500.0,104.9,S
2021-06-11T13:16:55,1900.0,104.9,S
2021-06-11T13:16:19,5000.0,104.9,S
2021-06-11T13:16:00,2600.0,104.9,S
2021-06-11T13:15:56,100.0,104.9,S
2021-06-11T13:15:33,100.0,104.9,S
2021-06-11T13:15:26,2000.0,104.9,S
2021-06-11T13:15:23,200.0,104.9,S
2021-06-11T13:15:17,100.0,104.9,S
2021-06-11T13:14:26,100.0,104.9,S
2021-06-11T13:13:32,600.0,104.9,S
2021-06-11T13:13:02,500.0,104.9,S
2021-06-11T13:12:56,5600.0,104.8,S
2021-06-11T13:12:38,1000.0,104.9,S
2021-06-11T13:12:33,100.0,104.9,S
2021-06-11T13:12:18,2000.0,104.9,S
2021-06-11T13:12:10,800.0,104.9,S
2021-06-11T13:12:08,1800.0,105.0,B
2021-06-11T13:11:36,500.0,105.0,B
2021-06-11T13:11:30,1100.0,105.0,B
2021-06-11T13:11:22,2000.0,104.8,S
2021-06-11T13:11:11,200.0,104.9,S
2021-06-11T13:11:08,800.0,104.9,S
2021-06-11T13:10:54,6400.0,105.0,B
2021-06-11T13:10:54,200.0,105.0,B
2021-06-11T13:10:54,500.0,105.0,B
2021-06-11T13:10:54,1500.0,105.0,B
2021-06-11T13:10:54,1400.0,105.0,B
2021-06-11T13:10:45,200.0,104.9,S
2021-06-11T13:10:04,500.0,104.8,S
2021-06-11T13:10:01,300.0,104.8,S
2021-06-11T13:09:40,1100.0,104.8,S
2021-06-11T13:09:37,1000.0,104.8,S
2021-06-11T13:09:03,200.0,104.8,S
2021-06-11T13:08:45,700.0,104.8,B
2021-06-11T13:08:35,1000.0,104.8,B
2021-06-11T13:08:25,100.0,104.8,B
2021-06-11T13:08:17,2000.0,104.8,B
2021-06-11T13:08:09,600.0,104.8,B
2021-06-11T13:06:57,2000.0,104.8,B
2021-06-11T13:06:53,600.0,104.8,B
2021-06-11T13:06:50,600.0,104.8,B
2021-06-11T13:06:44,600.0,104.8,B
2021-06-11T13:05:27,400.0,104.8,S
2021-06-11T13:05:20,600.0,104.8,S
2021-06-11T13:05:07,600.0,104.8,S
2021-06-11T13:05:01,600.0,104.8,S
2021-06-11T13:04:52,200.0,104.8,S
2021-06-11T11:30:07,1400.0,105.0,B
2021-06-11T11:29:55,200.0,104.7,B
2021-06-11T11:29:42,2200.0,104.9,B
2021-06-11T11:27:51,200.0,104.4,S
2021-06-11T11:26:32,200.0,104.5,S
2021-06-11T11:26:15,2000.0,104.7,B
2021-06-11T11:24:26,2700.0,104.7,S
2021-06-11T11:24:05,100.0,105.0,B
2021-06-11T11:24:02,1200.0,105.0,B
2021-06-11T11:23:53,2900.0,105.0,B
2021-06-11T11:23:50,2200.0,105.0,B
2021-06-11T11:23:40,1200.0,105.0,B
2021-06-11T11:23:37,1200.0,105.0,B
2021-06-11T11:23:32,300.0,105.0,B
2021-06-11T11:23:31,900.0,104.9,B
2021-06-11T11:23:26,600.0,104.9,B
2021-06-11T11:23:13,2600.0,104.9,B
2021-06-11T11:22:49,1600.0,104.4,S
2021-06-11T11:22:49,4200.0,104.4,S
2021-06-11T11:22:49,2000.0,104.4,S
2021-06-11T11:22:49,2200.0,104.4,S
2021-06-11T11:22:38,2300.0,105.0,B
2021-06-11T11:21:56,2900.0,105.0,B
2021-06-11T11:21:29,100.0,104.9,B
2021-06-11T11:21:24,600.0,104.9,B
2021-06-11T11:21:21,200.0,104.9,B
2021-06-11T11:21:21,2400.0,104.8,B
2021-06-11T11:21:20,600.0,104.7,B
2021-06-11T11:21:16,600.0,104.5,B
2021-06-11T11:21:11,600.0,104.5,B
2021-06-11T11:21:06,600.0,104.5,B
2021-06-11T11:21:02,600.0,104.5,B
2021-06-11T11:20:56,600.0,104.5,B
2021-06-11T11:20:49,600.0,104.5,B
2021-06-11T11:20:45,600.0,104.5,B
2021-06-11T11:20:27,2900.0,104.5,B
2021-06-11T11:20:04,2300.0,104.5,S
2021-06-11T11:18:22,100.0,104.7,S
2021-06-11T11:17:48,1900.0,104.7,B
2021-06-11T11:15:49,500.0,104.7,B
2021-06-11T11:15:48,1500.0,104.7,B
2021-06-11T11:14:57,500.0,104.7,B
2021-06-11T11:14:40,600.0,104.7,B
2021-06-11T11:14:37,600.0,104.7,B
2021-06-11T11:14:36,600.0,104.7,B
2021-06-11T11:14:35,200.0,104.7,B
2021-06-11T11:14:35,400.0,104.6,B
2021-06-11T11:14:18,600.0,104.6,B
2021-06-11T11:14:11,600.0,104.6,B
2021-06-11T11:14:05,600.0,104.6,S
2021-06-11T11:14:01,600.0,104.6,S
2021-06-11T11:13:56,200.0,104.6,S
2021-06-11T11:11:41,1000.0,104.4,S
2021-06-11T11:09:56,100.0,105.0,B
2021-06-11T11:09:52,500.0,105.0,B
2021-06-11T11:09:48,500.0,104.9,B
2021-06-11T11:09:43,500.0,104.9,B
2021-06-11T11:09:40,500.0,104.9,B
2021-06-11T11:09:36,500.0,104.9,B
2021-06-11T11:09:30,500.0,104.9,B
2021-06-11T11:09:27,500.0,104.9,B
2021-06-11T11:09:23,500.0,104.9,B
2021-06-11T11:09:19,500.0,104.8,B
2021-06-11T11:09:15,500.0,104.8,S
2021-06-11T11:09:12,200.0,104.9,B
2021-06-11T11:09:06,200.0,104.9,B
2021-06-11T11:08:09,200.0,104.8,B
2021-06-11T11:08:01,1800.0,104.8,B
2021-06-11T11:06:31,2400.0,104.8,B
2021-06-11T11:05:50,200.0,104.8,B
2021-06-11T11:05:21,900.0,104.8,B
2021-06-11T11:05:17,200.0,104.8,B
2021-06-11T11:05:13,200.0,104.8,B
2021-06-11T11:05:09,200.0,104.8,B
2021-06-11T11:05:06,200.0,104.8,B
2021-06-11T11:05:02,200.0,104.8,B
2021-06-11T11:04:57,200.0,104.8,B
2021-06-11T11:04:55,200.0,104.8,B
2021-06-11T11:04:51,200.0,104.8,B
2021-06-11T11:04:47,200.0,104.8,B
2021-06-11T11:04:44,200.0,104.8,B
2021-06-11T11:04:42,200.0,104.8,B
2021-06-11T11:04:37,200.0,104.7,B
2021-06-11T11:04:33,200.0,104.7,B
2021-06-11T11:04:32,200.0,104.7,B
2021-06-11T11:04:26,600.0,104.7,B
2021-06-11T11:04:21,600.0,104.7,B
2021-06-11T11:04:01,200.0,104.7,B
2021-06-11T11:03:55,200.0,104.7,B
2021-06-11T11:03:49,200.0,104.6,S
2021-06-11T11:03:49,200.0,104.7,B
2021-06-11T11:03:34,900.0,104.7,B
2021-06-11T11:03:31,200.0,104.7,B
2021-06-11T11:03:28,200.0,104.7,B
2021-06-11T11:03:24,200.0,104.7,B
2021-06-11T11:03:20,200.0,104.7,B
2021-06-11T11:03:17,200.0,104.7,B
2021-06-11T11:03:15,200.0,104.7,B
2021-06-11T11:03:10,200.0,104.7,B
2021-06-11T11:03:04,2000.0,104.7,B
2021-06-11T11:03:03,200.0,104.7,B
2021-06-11T11:02:59,200.0,104.7,B
2021-06-11T11:02:54,200.0,104.7,B
2021-06-11T11:02:48,200.0,104.7,B
2021-06-11T11:02:45,200.0,104.7,B
2021-06-11T11:02:42,200.0,104.7,B
2021-06-11T11:02:38,200.0,104.7,B
2021-06-11T11:02:36,200.0,104.7,B
2021-06-11T11:02:30,200.0,104.6,B
2021-06-11T11:02:25,200.0,104.6,B
2021-06-11T11:02:22,200.0,104.6,B
2021-06-11T11:02:18,200.0,104.6,B
2021-06-11T11:02:15,200.0,104.6,B
2021-06-11T11:02:09,600.0,104.6,B
2021-06-11T11:01:40,1000.0,104.6,B
2021-06-11T11:00:53,600.0,104.0,S
2021-06-11T11:00:45,1400.0,104.0,S
2021-06-11T10:58:25,2500.0,104.0,S
2021-06-11T10:57:03,100.0,104.0,S
2021-06-11T10:56:33,2400.0,104.0,S
2021-06-11T10:56:21,100.0,104.0,S
2021-06-11T10:56:12,1000.0,104.0,S
2021-06-11T10:55:36,400.0,104.0,S
2021-06-11T10:55:28,2400.0,104.0,S
2021-06-11T10:54:28,1500.0,104.0,S
2021-06-11T10:54:17,2400.0,104.0,S
2021-06-11T10:53:58,3600.0,104.0,S
2021-06-11T10:53:52,900.0,104.0,S
2021-06-11T10:53:52,1400.0,104.0,S
2021-06-11T10:53:32,2600.0,104.1,S
2021-06-11T10:53:29,4300.0,104.5,B
2021-06-11T10:53:01,2600.0,104.1,S
2021-06-11T10:52:52,400.0,104.1,S
2021-06-11T10:52:52,1100.0,104.1,S
2021-06-11T10:52:52,1000.0,104.3,S
2021-06-11T10:52:51,2400.0,104.4,S
2021-06-11T10:52:39,1200.0,104.4,S
2021-06-11T10:52:35,2400.0,104.4,S
2021-06-11T10:52:31,2000.0,104.5,S
2021-06-11T10:52:15,200.0,104.5,S
2021-06-11T10:52:04,2300.0,104.5,S
2021-06-11T10:52:04,5000.0,104.6,S
2021-06-11T10:51:41,2100.0,104.5,S
2021-06-11T10:51:13,2200.0,104.5,S
2021-06-11T10:50:50,1900.0,104.5,S
2021-06-11T10:49:50,2400.0,104.5,S
2021-06-11T10:49:29,100.0,104.5,S
2021-06-11T10:49:28,1800.0,104.5,S
2021-06-11T10:48:52,2100.0,104.6,S
2021-06-11T10:48:00,2400.0,104.6,S
2021-06-11T10:47:51,200.0,105.1,B
2021-06-11T10:47:21,400.0,105.1,S
2021-06-11T10:47:07,200.0,105.2,B
2021-06-11T10:46:02,1600.0,105.1,S
2021-06-11T10:45:26,100.0,105.2,B
2021-06-11T10:45:11,900.0,105.0,S
2021-06-11T10:44:35,100.0,105.0,S
2021-06-11T10:44:34,1800.0,104.6,S
2021-06-11T10:44:34,300.0,104.6,S
2021-06-11T10:44:34,200.0,104.7,S
2021-06-11T10:44:21,2500.0,105.1,S
2021-06-11T10:43:54,1600.0,105.1,B
2021-06-11T10:43:51,500.0,105.0,B
2021-06-11T10:43:28,100.0,105.0,B
2021-06-11T10:42:35,500.0,105.0,B
2021-06-11T10:42:07,1000.0,105.0,B
2021-06-11T10:41:41,2000.0,105.0,S
2021-06-11T10:41:41,3000.0,105.0,S
2021-06-11T10:41:41,2200.0,105.0,S
2021-06-11T10:41:41,2000.0,105.0,S
2021-06-11T10:41:41,1000.0,105.1,B
2021-06-11T10:41:02,18600.0,105.1,B
2021-06-11T10:39:06,13400.0,105.2,B
2021-06-11T10:37:39,900.0,105.0,B
2021-06-11T10:37:39,800.0,105.0,B
2021-06-11T10:37:39,1300.0,105.0,B
2021-06-11T10:36:52,15000.0,105.0,B
2021-06-11T10:36:07,900.0,104.9,B
2021-06-11T10:36:02,2400.0,104.9,B
2021-06-11T10:35:25,1000.0,104.9,B
2021-06-11T10:35:12,100.0,104.7,B
2021-06-11T10:35:07,200.0,104.6,S
2021-06-11T10:33:54,100.0,104.7,B
2021-06-11T10:32:52,600.0,104.7,S
2021-06-11T10:32:42,10000.0,104.7,S
2021-06-11T10:29:15,300.0,104.7,S
2021-06-11T10:29:00,400.0,104.8,S
2021-06-11T10:28:17,100.0,104.8,S
2021-06-11T10:26:15,200.0,105.0,B
2021-06-11T10:25:03,3000.0,105.0,B
2021-06-11T10:24:50,8900.0,104.9,S
2021-06-11T10:24:48,300.0,104.7,S
2021-06-11T10:24:12,100.0,104.7,S
2021-06-11T10:22:52,400.0,104.6,S
2021-06-11T10:21:27,100.0,104.8,B
2021-06-11T10:21:04,1400.0,104.6,S
2021-06-11T10:20:49,1800.0,104.6,S
2021-06-11T10:20:49,3200.0,104.6,S
2021-06-11T10:20:49,100.0,104.7,S
2021-06-11T10:19:30,300.0,104.7,S
2021-06-11T10:19:21,300.0,104.7,S
2021-06-11T10:19:15,1000.0,104.7,S
2021-06-11T10:19:04,1100.0,104.7,S
2021-06-11T10:18:50,200.0,105.0,B
2021-06-11T10:18:48,2000.0,105.0,B
2021-06-11T10:18:44,100.0,104.7,S
2021-06-11T10:18:17,2000.0,105.0,B
2021-06-11T10:17:13,200.0,104.7,S
2021-06-11T10:16:35,500.0,104.7,S
2021-06-11T10:16:24,400.0,104.7,S
2021-06-11T10:16:19,2000.0,105.0,B
2021-06-11T10:15:22,700.0,105.0,B
2021-06-11T10:14:30,700.0,105.0,B
2021-06-11T10:14:20,100.0,105.0,B
2021-06-11T10:13:58,500.0,105.0,B
2021-06-11T10:13:58,200.0,105.0,B
2021-06-11T10:13:56,2300.0,105.0,B
2021-06-11T10:13:34,1000.0,105.0,B
2021-06-11T10:11:55,100.0,105.0,B
2021-06-11T10:11:09,700.0,105.0,B
2021-06-11T10:11:04,800.0,105.0,B
2021-06-11T10:10:56,800.0,105.0,B
2021-06-11T10:10:52,800.0,105.0,B
2021-06-11T10:10:44,800.0,105.0,B
2021-06-11T10:10:37,800.0,105.0,B
2021-06-11T10:10:29,800.0,105.0,B
2021-06-11T10:09:12,3000.0,105.0,B
2021-06-11T10:09:12,100.0,105.0,B
2021-06-11T10:09:11,200.0,105.0,B
2021-06-11T10:08:54,100.0,105.0,B
2021-06-11T10:06:48,100.0,105.0,B
2021-06-11T10:06:47,1100.0,105.0,B
2021-06-11T10:03:46,200.0,105.0,S
2021-06-11T10:03:46,2100.0,105.0,S
2021-06-11T10:03:46,1500.0,105.0,S
2021-06-11T10:03:00,1000.0,105.0,S
2021-06-11T10:02:46,4200.0,105.2,B
2021-06-11T10:02:26,2000.0,105.0,S
2021-06-11T10:02:26,800.0,105.0,S
2021-06-11T10:02:25,1500.0,105.1,B
2021-06-11T10:02:19,300.0,105.0,S
2021-06-11T10:02:14,10000.0,105.0,S
2021-06-11T10:01:50,100.0,105.0,S
2021-06-11T10:01:04,800.0,105.0,S
2021-06-11T10:00:19,1000.0,105.2,B
2021-06-11T10:00:17,2000.0,105.1,S
2021-06-11T10:00:12,300.0,105.1,S
2021-06-11T10:00:05,200.0,105.1,S
2021-06-11T09:59:53,900.0,105.1,S
2021-06-11T09:59:45,1000.0,105.2,B
2021-06-11T09:59:20,2000.0,105.1,S
2021-06-11T09:59:05,1000.0,105.2,B
2021-06-11T09:58:51,500.0,105.1,S
2021-06-11T09:58:29,1000.0,105.2,B
2021-06-11T09:58:14,1200.0,105.1,S
2021-06-11T09:57:31,100.0,105.1,B
2021-06-11T09:57:20,2000.0,105.1,B
2021-06-11T09:57:16,2000.0,105.1,B
2021-06-11T09:57:15,100.0,105.1,B
2021-06-11T09:57:03,300.0,105.1,B
2021-06-11T09:56:58,8000.0,105.1,B
2021-06-11T09:56:50,1700.0,105.1,B
2021-06-11T09:56:45,500.0,105.1,B
2021-06-11T09:56:43,3000.0,105.0,S
2021-06-11T09:56:29,300.0,105.0,S
2021-06-11T09:56:24,1000.0,105.1,B
2021-06-11T09:56:16,1000.0,105.1,B
2021-06-11T09:56:00,500.0,105.0,S
2021-06-11T09:55:35,100.0,105.0,B
2021-06-11T09:55:13,1800.0,105.0,B
2021-06-11T09:55:05,1800.0,104.7,S
2021-06-11T09:54:56,6800.0,105.0,B
2021-06-11T09:54:56,3200.0,105.0,B
2021-06-11T09:54:31,300.0,104.8,B
2021-06-11T09:53:54,1000.0,104.8,B
2021-06-11T09:53:34,2700.0,104.7,B
2021-06-11T09:53:18,2000.0,104.7,B
2021-06-11T09:52:56,12000.0,104.7,B
2021-06-11T09:52:01,300.0,104.5,B
2021-06-11T09:51:30,5700.0,104.5,B
2021-06-11T09:51:30,3300.0,104.5,B
2021-06-11T09:51:29,1000.0,104.5,B
2021-06-11T09:50:16,2000.0,104.5,B
2021-06-11T09:50:15,100.0,104.5,B
2021-06-11T09:50:01,200.0,104.5,B
2021-06-11T09:48:30,100.0,104.0,S
2021-06-11T09:45:16,2000.0,104.0,S
2021-06-11T09:44:24,1000.0,104.0,S
2021-06-11T09:44:01,2000.0,104.0,S
2021-06-11T09:43:29,1100.0,104.9,B
2021-06-11T09:43:27,300.0,104.6,B
2021-06-11T09:42:14,300.0,104.9,B
2021-06-11T09:41:16,1000.0,104.0,S
2021-06-11T09:40:19,3000.0,105.0,B
2021-06-11T09:40:02,5000.0,104.9,B
2021-06-11T09:39:42,5000.0,104.8,B
2021-06-11T09:39:34,100.0,104.7,B
2021-06-11T09:39:19,2900.0,104.7,B
2021-06-11T09:39:06,100.0,104.0,S
2021-06-11T09:39:04,100.0,104.6,B
2021-06-11T09:38:59,800.0,104.6,B
2021-06-11T09:38:57,2600.0,104.6,B
2021-06-11T09:38:56,800.0,104.5,B
2021-06-11T09:38:52,800.0,104.5,B
2021-06-11T09:38:51,400.0,104.0,S
2021-06-11T09:38:47,600.0,104.0,S
2021-06-11T09:38:44,800.0,104.5,B
2021-06-11T09:38:38,800.0,104.4,B
2021-06-11T09:38:30,800.0,104.4,B
2021-06-11T09:38:22,200.0,104.0,S
2021-06-11T09:38:20,600.0,104.4,B
2021-06-11T09:38:16,1000.0,104.0,S
2021-06-11T09:37:59,900.0,104.4,B
2021-06-11T09:37:59,1400.0,104.3,B
2021-06-11T09:37:59,400.0,104.1,B
2021-06-11T09:37:52,100.0,104.1,B
2021-06-11T09:37:40,1300.0,104.0,S
2021-06-11T09:37:20,2400.0,104.1,B
2021-06-11T09:37:14,100.0,104.0,S
2021-06-11T09:36:58,200.0,104.0,S
2021-06-11T09:36:48,700.0,104.0,B
2021-06-11T09:36:38,1800.0,104.0,B
2021-06-11T09:36:34,100.0,104.0,B
2021-06-11T09:36:17,500.0,104.0,B
2021-06-11T09:36:06,4500.0,104.0,B
2021-06-11T09:36:02,100.0,104.0,B
2021-06-11T09:35:49,1000.0,104.0,B
2021-06-11T09:35:48,900.0,103.8,S
2021-06-11T09:35:14,2500.0,104.0,B
2021-06-11T09:35:13,100.0,104.0,B
2021-06-11T09:35:13,2600.0,104.0,B
2021-06-11T09:34:52,2900.0,104.0,B
2021-06-11T09:34:10,2300.0,104.0,B
2021-06-11T09:34:06,3000.0,104.0,B
2021-06-11T09:33:48,100.0,104.0,B
2021-06-11T09:33:48,1000.0,104.0,B
2021-06-11T09:33:48,1600.0,104.0,B
2021-06-11T09:33:45,2500.0,104.0,B
2021-06-11T09:33:36,200.0,103.8,S
2021-06-11T09:33:35,3000.0,104.0,B
2021-06-11T09:33:14,300.0,103.8,S
2021-06-11T09:32:50,2900.0,103.9,B
2021-06-11T09:32:48,100.0,103.8,S
2021-06-11T09:32:31,800.0,103.8,S
2021-06-11T09:32:18,1100.0,103.8,S
2021-06-11T09:32:01,100.0,103.8,S
2021-06-11T09:31:41,300.0,103.8,S
2021-06-11T09:31:30,2300.0,103.9,B
2021-06-11T09:31:26,500.0,103.8,S
2021-06-11T09:31:10,900.0,103.8,B
2021-06-11T09:30:36,2900.0,103.8,B
2021-06-11T09:29:57,600.0,103.7,S
2021-06-11T09:29:09,300.0,103.8,B
2021-06-11T09:29:07,100.0,103.8,B
2021-06-11T09:29:02,300.0,103.7,S
2021-06-11T09:28:50,100.0,103.7,S
2021-06-11T09:28:44,100.0,103.7,S
2021-06-11T09:28:40,100.0,103.7,S
2021-06-11T09:28:28,500.0,103.8,B
2021-06-11T09:27:41,300.0,103.8,S
2021-06-11T09:27:11,500.0,103.8,S
2021-06-11T09:25:39,1300.0,103.8,S
2021-06-11T09:25:01,300.0,103.9,B
2021-06-11T09:24:50,100.0,103.9,B
2021-06-11T09:24:45,100.0,103.9,B
2021-06-11T09:23:28,100.0,103.9,B
2021-06-11T09:23:24,6200.0,103.6,S
2021-06-11T09:23:24,2500.0,103.6,S
2021-06-11T09:23:24,1300.0,103.7,S
2021-06-11T09:23:08,2000.0,103.8,S
2021-06-11T09:22:47,100.0,103.9,S
2021-06-11T09:22:46,1000.0,103.9,S
2021-06-11T09:22:46,1000.0,103.9,S
2021-06-11T09:22:32,100.0,104.0,B
2021-06-11T09:22:25,400.0,104.0,B
2021-06-11T09:21:37,3200.0,104.0,S
2021-06-11T09:21:20,5000.0,104.0,S
2021-06-11T09:20:53,600.0,104.1,B
2021-06-11T09:20:03,4000.0,104.3,B
2021-06-11T09:20:03,2300.0,104.1,B
2021-06-11T09:19:08,200.0,104.1,B
2021-06-11T09:18:36,200.0,104.1,B
2021-06-11T09:18:30,100.0,104.0,S
2021-06-11T09:17:51,1000.0,104.0,S
2021-06-11T09:17:33,500.0,104.0,B
2021-06-11T09:17:29,100.0,104.0,B
2021-06-11T09:17:25,2000.0,104.0,B
2021-06-11T09:17:17,1000.0,103.9,S
2021-06-11T09:16:02,1100.0,104.0,B
2021-06-11T09:15:42,5000.0,104.0,B
2021-06-11T09:15:34,400.0,104.0,B
