tradingTime,volume,price,side
2021-06-11T14:59:52,2800.0,14.3,B
2021-06-11T14:59:27,1000.0,14.2,S
2021-06-11T14:59:07,1400.0,14.3,B
2021-06-11T14:58:42,5000.0,14.3,B
2021-06-11T14:58:37,400.0,14.3,B
2021-06-11T14:58:17,700.0,14.3,B
2021-06-11T14:57:57,1000.0,14.2,S
2021-06-11T14:56:52,4000.0,14.2,S
2021-06-11T14:56:34,2000.0,14.2,S
2021-06-11T14:56:22,300.0,14.2,S
2021-06-11T14:56:02,100.0,14.2,S
2021-06-11T14:55:34,1000.0,14.2,S
2021-06-11T14:55:12,1000.0,14.2,S
2021-06-11T14:55:07,100.0,14.3,B
2021-06-11T14:53:07,500.0,14.3,B
2021-06-11T14:52:27,400.0,14.3,B
2021-06-11T14:51:32,200.0,14.3,B
2021-06-11T14:48:32,10000.0,14.3,B
2021-06-11T14:48:22,2000.0,14.3,B
2021-06-11T14:48:17,500.0,14.3,B
2021-06-11T14:48:06,1000.0,14.3,B
2021-06-11T14:45:57,6700.0,14.3,B
2021-06-11T14:45:47,2000.0,14.2,S
2021-06-11T14:45:03,1000.0,14.2,S
2021-06-11T14:44:32,500.0,14.2,S
2021-06-11T14:44:27,45000.0,14.2,B
2021-06-11T14:44:02,6000.0,14.2,B
2021-06-11T14:42:47,100.0,14.1,S
2021-06-11T14:42:42,100.0,14.1,B
2021-06-11T14:42:37,9900.0,14.1,S
2021-06-11T14:42:37,5000.0,14.1,S
2021-06-11T14:42:02,7200.0,14.1,S
2021-06-11T14:41:47,10000.0,14.1,S
2021-06-11T14:40:37,1000.0,14.1,S
2021-06-11T14:39:47,300.0,14.1,S
2021-06-11T14:39:37,200.0,14.1,S
2021-06-11T14:37:37,6400.0,14.1,S
2021-06-11T14:37:27,1300.0,14.0,S
2021-06-11T14:37:27,3100.0,14.1,B
2021-06-11T14:37:27,20000.0,14.1,B
2021-06-11T14:37:17,1700.0,14.1,B
2021-06-11T14:37:17,800.0,14.1,B
2021-06-11T14:37:12,5000.0,14.1,B
2021-06-11T14:37:12,1000.0,14.0,S
2021-06-11T14:37:02,1000.0,14.1,B
2021-06-11T14:36:57,10000.0,14.1,B
2021-06-11T14:36:52,20000.0,14.1,B
2021-06-11T14:36:47,4500.0,14.1,B
2021-06-11T14:36:21,1000.0,14.0,S
2021-06-11T14:36:18,10300.0,14.1,B
2021-06-11T14:35:47,1000.0,14.0,S
2021-06-11T14:35:28,1000.0,14.0,S
2021-06-11T14:34:56,1600.0,14.1,B
2021-06-11T14:34:32,200.0,14.1,B
2021-06-11T14:34:28,3000.0,14.1,B
2021-06-11T14:34:27,5000.0,14.1,B
2021-06-11T14:34:17,10000.0,14.1,B
2021-06-11T14:31:27,100.0,14.1,B
2021-06-11T14:31:02,100.0,14.1,B
2021-06-11T14:31:02,1500.0,14.1,B
2021-06-11T14:30:17,14600.0,14.1,B
2021-06-11T14:29:54,400.0,14.1,S
2021-06-11T14:29:41,5000.0,14.1,S
2021-06-11T14:29:26,2000.0,14.1,S
2021-06-11T14:29:20,3000.0,14.1,S
2021-06-11T14:28:55,100.0,14.1,S
2021-06-11T14:28:25,1000.0,14.1,S
2021-06-11T14:27:48,100.0,14.1,S
2021-06-11T14:27:23,300.0,14.1,S
2021-06-11T14:27:04,1000.0,14.1,S
2021-06-11T14:26:47,2000.0,14.1,S
2021-06-11T14:26:40,500.0,14.1,S
2021-06-11T14:25:22,1000.0,14.1,S
2021-06-11T14:25:11,50000.0,14.0,S
2021-06-11T14:25:01,15300.0,14.1,B
2021-06-11T14:24:58,2000.0,14.1,B
2021-06-11T14:24:56,10000.0,14.1,B
2021-06-11T14:24:51,10000.0,14.1,B
2021-06-11T14:24:27,1000.0,14.1,B
2021-06-11T14:24:18,300.0,14.1,B
2021-06-11T14:22:36,200.0,14.1,B
2021-06-11T14:22:14,1000.0,14.1,B
2021-06-11T14:22:06,2000.0,14.1,B
2021-06-11T14:21:56,800.0,14.1,B
2021-06-11T14:21:21,400.0,14.1,B
2021-06-11T14:19:17,300.0,14.0,S
2021-06-11T14:19:11,100.0,14.0,S
2021-06-11T14:18:56,2000.0,14.1,B
2021-06-11T14:18:29,700.0,14.1,S
2021-06-11T14:18:24,1800.0,14.1,S
2021-06-11T14:18:00,5000.0,14.1,S
2021-06-11T14:17:44,1000.0,14.1,S
2021-06-11T14:17:32,5000.0,14.1,S
2021-06-11T14:17:30,500.0,14.1,S
2021-06-11T14:15:57,11700.0,14.2,B
2021-06-11T14:15:34,900.0,14.1,B
2021-06-11T14:15:29,10000.0,14.1,B
2021-06-11T14:15:24,1000.0,14.1,B
2021-06-11T14:15:20,100.0,14.1,B
2021-06-11T14:14:58,1000.0,14.1,B
2021-06-11T14:14:40,200.0,14.1,B
2021-06-11T14:14:35,23700.0,14.1,S
2021-06-11T14:14:16,500.0,14.1,S
2021-06-11T14:13:44,5000.0,14.1,S
2021-06-11T14:13:22,500.0,14.1,S
2021-06-11T14:13:14,100.0,14.1,S
2021-06-11T14:12:58,500.0,14.1,S
2021-06-11T14:12:56,500.0,14.1,S
2021-06-11T14:12:17,200.0,14.1,S
2021-06-11T14:11:59,1000.0,14.2,B
2021-06-11T14:11:34,500.0,14.2,B
2021-06-11T14:11:20,200.0,14.1,S
2021-06-11T14:11:18,200.0,14.1,S
2021-06-11T14:11:08,1700.0,14.1,S
2021-06-11T14:10:47,1000.0,14.1,S
2021-06-11T14:10:46,1700.0,14.1,S
2021-06-11T14:10:09,2000.0,14.1,S
2021-06-11T14:10:07,200.0,14.1,S
2021-06-11T14:09:45,1000.0,14.1,S
2021-06-11T14:09:23,2000.0,14.1,S
2021-06-11T14:09:00,2000.0,14.1,S
2021-06-11T14:08:41,300.0,14.1,S
2021-06-11T14:08:33,3700.0,14.1,B
2021-06-11T14:08:02,1000.0,14.1,B
2021-06-11T14:06:30,400.0,14.0,S
2021-06-11T14:06:10,100.0,14.0,S
2021-06-11T14:05:27,500.0,14.0,S
2021-06-11T14:04:33,25000.0,14.0,S
2021-06-11T14:03:01,2000.0,14.1,B
2021-06-11T14:02:53,100.0,14.1,B
2021-06-11T14:02:04,1500.0,14.1,S
2021-06-11T14:01:38,400.0,14.1,S
2021-06-11T14:01:07,3000.0,14.1,S
2021-06-11T14:00:44,200.0,14.1,S
2021-06-11T14:00:18,400.0,14.1,S
2021-06-11T13:59:27,6900.0,14.1,S
2021-06-11T13:59:08,200.0,14.1,S
2021-06-11T13:58:44,1000.0,14.1,S
2021-06-11T13:58:31,2000.0,14.1,S
2021-06-11T13:57:36,2000.0,14.1,S
2021-06-11T13:56:56,1000.0,14.1,S
2021-06-11T13:56:33,2000.0,14.1,B
2021-06-11T13:56:08,2000.0,14.1,S
2021-06-11T13:55:50,900.0,14.1,S
2021-06-11T13:55:42,200.0,14.1,B
2021-06-11T13:55:36,100.0,14.1,B
2021-06-11T13:55:18,3000.0,14.1,B
2021-06-11T13:55:12,500.0,14.1,B
2021-06-11T13:55:10,1900.0,14.1,B
2021-06-11T13:55:08,2000.0,14.1,B
2021-06-11T13:55:08,600.0,14.1,B
2021-06-11T13:54:52,2400.0,14.1,B
2021-06-11T13:54:42,400.0,14.1,B
2021-06-11T13:54:34,6000.0,14.1,B
2021-06-11T13:54:16,21400.0,14.1,B
2021-06-11T13:53:54,500.0,14.1,B
2021-06-11T13:53:54,200.0,14.0,S
2021-06-11T13:53:37,1000.0,14.0,S
2021-06-11T13:53:09,1300.0,14.0,S
2021-06-11T13:52:54,2000.0,14.0,S
2021-06-11T13:52:29,400.0,14.0,S
2021-06-11T13:52:17,200.0,14.0,S
2021-06-11T13:51:42,400.0,14.0,B
2021-06-11T13:51:26,3000.0,14.0,B
2021-06-11T13:51:12,300.0,14.0,B
2021-06-11T13:51:07,500.0,14.0,B
2021-06-11T13:51:04,5000.0,14.0,B
2021-06-11T13:50:57,3600.0,14.0,B
2021-06-11T13:50:22,400.0,14.0,S
2021-06-11T13:50:08,2100.0,14.0,B
2021-06-11T13:50:02,1000.0,14.0,B
2021-06-11T13:49:52,20000.0,14.0,B
2021-06-11T13:49:37,7000.0,14.0,B
2021-06-11T13:49:18,700.0,14.0,B
2021-06-11T13:49:15,25200.0,14.0,B
2021-06-11T13:48:50,100.0,14.0,S
2021-06-11T13:48:29,800.0,14.0,B
2021-06-11T13:48:23,29300.0,14.0,S
2021-06-11T13:48:01,1000.0,14.0,S
2021-06-11T13:47:57,500.0,14.0,S
2021-06-11T13:47:50,5000.0,14.0,S
2021-06-11T13:46:55,3000.0,14.0,S
2021-06-11T13:45:10,400.0,14.0,S
2021-06-11T13:45:02,500.0,14.0,S
2021-06-11T13:44:12,3000.0,14.0,S
2021-06-11T13:44:05,200.0,14.0,B
2021-06-11T13:44:03,100.0,14.0,B
2021-06-11T13:44:02,500.0,14.0,B
2021-06-11T13:44:01,4000.0,14.0,B
2021-06-11T13:43:20,67900.0,14.0,B
2021-06-11T13:42:11,200.0,14.1,B
2021-06-11T13:42:10,15500.0,14.1,S
2021-06-11T13:42:09,10000.0,14.1,S
2021-06-11T13:42:05,400.0,14.1,S
2021-06-11T13:42:00,400.0,14.1,S
2021-06-11T13:41:30,5700.0,14.1,S
2021-06-11T13:41:03,1800.0,14.2,B
2021-06-11T13:40:53,1000.0,14.2,B
2021-06-11T13:39:06,2000.0,14.2,B
2021-06-11T13:39:02,2000.0,14.2,B
2021-06-11T13:38:50,500.0,14.2,B
2021-06-11T13:37:57,500.0,14.2,B
2021-06-11T13:37:39,900.0,14.2,B
2021-06-11T13:37:22,500.0,14.2,S
2021-06-11T13:37:19,10100.0,14.3,B
2021-06-11T13:37:06,300.0,14.2,S
2021-06-11T13:36:49,900.0,14.3,B
2021-06-11T13:36:32,200.0,14.3,B
2021-06-11T13:35:39,300.0,14.3,B
2021-06-11T13:35:09,1000.0,14.2,S
2021-06-11T13:35:03,200.0,14.2,S
2021-06-11T13:34:54,200.0,14.3,B
2021-06-11T13:34:49,100.0,14.2,S
2021-06-11T13:34:43,3000.0,14.2,S
2021-06-11T13:34:26,800.0,14.2,S
2021-06-11T13:34:13,200.0,14.2,S
2021-06-11T13:33:59,100.0,14.2,S
2021-06-11T13:33:56,10000.0,14.2,S
2021-06-11T13:33:45,800.0,14.2,S
2021-06-11T13:32:47,500.0,14.3,B
2021-06-11T13:32:03,1500.0,14.2,S
2021-06-11T13:30:33,400.0,14.3,B
2021-06-11T13:30:31,100.0,14.3,B
2021-06-11T13:30:28,200.0,14.2,S
2021-06-11T13:29:59,500.0,14.2,S
2021-06-11T13:29:39,300.0,14.2,S
2021-06-11T13:29:07,2000.0,14.2,S
2021-06-11T13:28:40,700.0,14.2,S
2021-06-11T13:28:07,200.0,14.2,S
2021-06-11T13:28:05,200.0,14.3,B
2021-06-11T13:27:39,100.0,14.3,B
2021-06-11T13:27:38,500.0,14.3,B
2021-06-11T13:27:34,2000.0,14.3,B
2021-06-11T13:26:24,500.0,14.3,B
2021-06-11T13:26:24,100.0,14.3,B
2021-06-11T13:26:20,17400.0,14.3,B
2021-06-11T13:26:13,2000.0,14.3,S
2021-06-11T13:26:01,200.0,14.3,S
2021-06-11T13:25:51,100.0,14.3,S
2021-06-11T13:25:44,6500.0,14.3,S
2021-06-11T13:25:41,300.0,14.3,S
2021-06-11T13:25:25,100.0,14.3,S
2021-06-11T13:25:21,100.0,14.3,S
2021-06-11T13:25:04,200.0,14.3,S
2021-06-11T13:24:47,5000.0,14.3,S
2021-06-11T13:24:35,2000.0,14.3,S
2021-06-11T13:24:33,500.0,14.3,S
2021-06-11T13:24:24,3000.0,14.3,S
2021-06-11T13:24:17,1000.0,14.3,S
2021-06-11T13:24:04,6000.0,14.3,S
2021-06-11T13:23:59,2000.0,14.3,S
2021-06-11T13:23:49,100.0,14.3,S
2021-06-11T13:23:41,600.0,14.3,S
2021-06-11T13:23:39,1000.0,14.3,S
2021-06-11T13:23:37,1200.0,14.3,S
2021-06-11T13:23:28,5000.0,14.3,S
2021-06-11T13:23:27,200.0,14.3,S
2021-06-11T13:23:12,2000.0,14.3,S
2021-06-11T13:23:08,500.0,14.3,S
2021-06-11T13:22:58,100.0,14.3,S
2021-06-11T13:22:29,2000.0,14.4,B
2021-06-11T13:22:21,3000.0,14.4,B
2021-06-11T13:22:15,100.0,14.3,S
2021-06-11T13:21:36,35200.0,14.4,S
2021-06-11T13:21:28,300.0,14.4,S
2021-06-11T13:21:27,5800.0,14.4,S
2021-06-11T13:21:26,600.0,14.4,S
2021-06-11T13:21:12,200.0,14.4,S
2021-06-11T13:21:11,3000.0,14.4,S
2021-06-11T13:21:08,100.0,14.4,S
2021-06-11T13:21:06,100.0,14.4,S
2021-06-11T13:21:03,100.0,14.4,S
2021-06-11T13:20:49,1500.0,14.4,S
2021-06-11T13:20:44,2000.0,14.4,S
2021-06-11T13:20:43,1000.0,14.4,S
2021-06-11T13:20:30,500.0,14.4,S
2021-06-11T13:20:11,10000.0,14.4,S
2021-06-11T13:20:01,8900.0,14.4,S
2021-06-11T13:19:56,1000.0,14.4,B
2021-06-11T13:19:19,3000.0,14.4,B
2021-06-11T13:19:17,3200.0,14.4,S
2021-06-11T13:19:16,100.0,14.4,S
2021-06-11T13:19:09,200.0,14.4,S
2021-06-11T13:19:02,100.0,14.4,S
2021-06-11T13:18:53,300.0,14.4,S
2021-06-11T13:18:52,2000.0,14.4,S
2021-06-11T13:18:49,500.0,14.4,S
2021-06-11T13:18:47,20500.0,14.4,S
2021-06-11T13:18:46,100.0,14.4,S
2021-06-11T13:18:41,7000.0,14.4,S
2021-06-11T13:18:30,2000.0,14.4,S
2021-06-11T13:17:57,1000.0,14.5,B
2021-06-11T13:17:56,1200.0,14.4,S
2021-06-11T13:17:29,500.0,14.4,S
2021-06-11T13:17:08,28500.0,14.4,B
2021-06-11T13:17:08,2200.0,14.4,B
2021-06-11T13:17:07,500.0,14.4,B
2021-06-11T13:17:04,5500.0,14.4,B
2021-06-11T13:16:48,800.0,14.4,B
2021-06-11T13:16:39,100.0,14.4,B
2021-06-11T13:16:39,200.0,14.4,B
2021-06-11T13:16:34,14400.0,14.4,B
2021-06-11T13:16:31,300.0,14.4,B
2021-06-11T13:16:24,17000.0,14.4,B
2021-06-11T13:16:10,1000.0,14.4,B
2021-06-11T13:16:03,2000.0,14.3,S
2021-06-11T13:15:47,600.0,14.4,B
2021-06-11T13:15:45,200.0,14.4,B
2021-06-11T13:15:24,2000.0,14.3,S
2021-06-11T13:15:13,100.0,14.3,S
2021-06-11T13:14:48,100.0,14.3,S
2021-06-11T13:14:42,1800.0,14.4,B
2021-06-11T13:14:41,100.0,14.3,S
2021-06-11T13:14:27,100.0,14.3,S
2021-06-11T13:14:16,1000.0,14.3,S
2021-06-11T13:14:08,100.0,14.4,B
2021-06-11T13:14:07,700.0,14.4,B
2021-06-11T13:13:57,100.0,14.4,B
2021-06-11T13:13:51,2000.0,14.3,S
2021-06-11T13:13:30,100.0,14.3,S
2021-06-11T13:13:23,6200.0,14.3,S
2021-06-11T13:13:17,2000.0,14.3,B
2021-06-11T13:13:10,10000.0,14.3,B
2021-06-11T13:13:07,1000.0,14.3,B
2021-06-11T13:12:48,10000.0,14.3,B
2021-06-11T13:12:33,300.0,14.3,B
2021-06-11T13:11:43,47500.0,14.2,B
2021-06-11T13:11:34,700.0,14.2,B
2021-06-11T13:11:33,1000.0,14.2,B
2021-06-11T13:11:32,500.0,14.2,B
2021-06-11T13:11:31,1500.0,14.2,B
2021-06-11T13:11:23,2000.0,14.2,B
2021-06-11T13:11:21,1600.0,14.2,B
2021-06-11T13:11:19,3000.0,14.2,B
2021-06-11T13:11:16,3000.0,14.2,B
2021-06-11T13:11:16,6000.0,14.2,B
2021-06-11T13:10:57,1000.0,14.2,B
2021-06-11T13:10:57,5500.0,14.2,B
2021-06-11T13:10:51,300.0,14.2,B
2021-06-11T13:10:44,1000.0,14.2,B
2021-06-11T13:10:15,1500.0,14.2,B
2021-06-11T13:10:14,100.0,14.2,B
2021-06-11T13:10:09,200.0,14.2,B
2021-06-11T13:10:08,100.0,14.2,B
2021-06-11T13:10:08,100.0,14.2,B
2021-06-11T13:10:03,2000.0,14.2,B
2021-06-11T13:10:00,3000.0,14.2,B
2021-06-11T13:10:00,5000.0,14.2,B
2021-06-11T13:09:56,2000.0,14.2,B
2021-06-11T13:09:34,1000.0,14.2,B
2021-06-11T13:09:20,900.0,14.1,S
2021-06-11T13:09:15,46900.0,14.1,B
2021-06-11T13:09:12,500.0,14.1,B
2021-06-11T13:08:58,3000.0,14.1,B
2021-06-11T13:08:58,400.0,14.1,B
2021-06-11T13:08:40,500.0,14.0,S
2021-06-11T13:08:32,500.0,14.0,S
2021-06-11T13:08:11,100.0,14.0,S
2021-06-11T13:08:00,8200.0,14.0,S
2021-06-11T13:07:16,1100.0,14.0,S
2021-06-11T13:07:03,200.0,14.0,S
2021-06-11T13:06:57,900.0,14.0,S
2021-06-11T13:06:45,200.0,14.0,S
2021-06-11T13:06:16,3600.0,14.0,B
2021-06-11T13:06:15,3000.0,14.0,B
2021-06-11T13:06:10,4000.0,14.0,B
2021-06-11T13:06:00,300.0,14.0,B
2021-06-11T13:05:58,100.0,14.0,B
2021-06-11T13:05:56,9100.0,14.0,B
2021-06-11T13:05:37,1000.0,14.0,S
2021-06-11T13:05:22,200.0,14.0,S
2021-06-11T13:05:10,200.0,14.0,B
2021-06-11T13:05:10,4800.0,14.0,B
2021-06-11T11:30:07,200.0,14.0,S
2021-06-11T11:30:02,400.0,14.0,B
2021-06-11T11:29:23,500.0,14.0,B
2021-06-11T11:29:22,28000.0,14.0,B
2021-06-11T11:27:36,500.0,14.0,B
2021-06-11T11:27:30,200.0,14.0,B
2021-06-11T11:27:06,100.0,13.9,S
2021-06-11T11:27:03,500.0,14.0,B
2021-06-11T11:26:45,1800.0,13.9,S
2021-06-11T11:25:53,800.0,13.9,S
2021-06-11T11:25:51,1000.0,13.9,S
2021-06-11T11:25:42,1000.0,13.9,S
2021-06-11T11:25:37,1000.0,13.9,S
2021-06-11T11:24:42,11300.0,13.9,S
2021-06-11T11:23:57,800.0,13.9,S
2021-06-11T11:23:53,1000.0,14.0,S
2021-06-11T11:23:40,1000.0,14.0,S
2021-06-11T11:23:18,100.0,14.0,S
2021-06-11T11:22:52,100.0,14.0,S
2021-06-11T11:22:46,1000.0,14.0,S
2021-06-11T11:22:32,500.0,14.0,S
2021-06-11T11:22:10,1800.0,14.0,S
2021-06-11T11:21:47,500.0,14.0,B
2021-06-11T11:21:43,17000.0,14.0,B
2021-06-11T11:21:18,100.0,14.0,B
2021-06-11T11:21:17,100.0,13.9,S
2021-06-11T11:19:39,300.0,13.9,S
2021-06-11T11:19:17,7300.0,13.9,S
2021-06-11T11:18:37,1000.0,13.9,S
2021-06-11T11:18:23,3500.0,13.9,S
2021-06-11T11:16:53,6900.0,14.0,B
2021-06-11T11:16:17,300.0,13.9,S
2021-06-11T11:16:01,300.0,13.9,S
2021-06-11T11:15:31,20000.0,13.9,S
2021-06-11T11:15:15,100.0,14.0,B
2021-06-11T11:14:50,2000.0,13.9,S
2021-06-11T11:14:30,100.0,13.9,S
2021-06-11T11:14:05,300.0,13.9,S
2021-06-11T11:13:19,500.0,13.9,S
2021-06-11T11:12:02,1000.0,13.9,S
2021-06-11T11:11:32,100.0,13.9,S
2021-06-11T11:10:55,500.0,13.9,S
2021-06-11T11:10:20,400.0,14.0,B
2021-06-11T11:10:05,2600.0,14.0,B
2021-06-11T11:09:46,200.0,14.0,B
2021-06-11T11:09:18,500.0,14.0,B
2021-06-11T11:09:03,100.0,14.0,B
2021-06-11T11:08:21,100.0,14.0,B
2021-06-11T11:08:10,1000.0,14.0,B
2021-06-11T11:07:43,300.0,14.0,B
2021-06-11T11:07:04,5800.0,14.0,S
2021-06-11T11:06:40,5000.0,14.0,S
2021-06-11T11:06:28,1000.0,14.0,S
2021-06-11T11:06:14,1000.0,14.0,S
2021-06-11T11:06:11,2000.0,14.0,S
2021-06-11T11:06:09,2000.0,14.0,S
2021-06-11T11:06:04,1600.0,14.0,S
2021-06-11T11:05:49,700.0,14.0,S
2021-06-11T11:05:31,1000.0,14.0,S
2021-06-11T11:05:08,1500.0,14.0,S
2021-06-11T11:04:52,1500.0,14.0,S
2021-06-11T11:04:17,1000.0,14.0,S
2021-06-11T11:03:49,5000.0,14.0,S
2021-06-11T11:03:41,600.0,14.0,S
2021-06-11T11:03:30,2000.0,14.0,S
2021-06-11T11:03:29,100.0,14.0,S
2021-06-11T11:03:22,1000.0,14.0,S
2021-06-11T11:03:13,100.0,14.0,S
2021-06-11T11:03:06,900.0,14.0,S
2021-06-11T11:02:50,400.0,14.0,S
2021-06-11T11:02:26,1000.0,14.0,S
2021-06-11T11:02:12,5000.0,14.0,S
2021-06-11T11:02:06,2000.0,14.0,S
2021-06-11T11:02:03,100.0,14.0,S
2021-06-11T11:02:03,200.0,14.0,S
2021-06-11T11:01:54,100.0,14.0,S
2021-06-11T11:01:49,11500.0,14.0,S
2021-06-11T11:01:32,200.0,14.0,S
2021-06-11T11:01:26,500.0,14.0,S
2021-06-11T11:01:19,1000.0,14.0,S
2021-06-11T11:00:56,200.0,14.1,B
2021-06-11T10:59:55,300.0,14.1,B
2021-06-11T10:59:50,100.0,14.1,B
2021-06-11T10:59:23,900.0,14.1,B
2021-06-11T10:59:22,500.0,14.1,B
2021-06-11T10:58:55,200.0,14.0,S
2021-06-11T10:58:45,300.0,14.0,S
2021-06-11T10:58:08,100.0,14.1,B
2021-06-11T10:56:32,1000.0,14.1,B
2021-06-11T10:55:17,500.0,14.1,B
2021-06-11T10:54:18,1000.0,14.1,B
2021-06-11T10:54:06,1000.0,14.1,B
2021-06-11T10:52:40,500.0,14.1,B
2021-06-11T10:51:20,500.0,14.1,B
2021-06-11T10:50:03,500.0,14.1,B
2021-06-11T10:48:37,500.0,14.1,B
2021-06-11T10:48:26,600.0,14.0,S
2021-06-11T10:48:06,500.0,14.1,B
2021-06-11T10:47:45,1100.0,14.0,S
2021-06-11T10:47:07,500.0,14.0,S
2021-06-11T10:46:51,500.0,14.0,S
2021-06-11T10:45:23,100.0,14.0,S
2021-06-11T10:45:15,100.0,14.0,S
2021-06-11T10:45:11,4600.0,14.0,B
2021-06-11T10:44:37,100.0,14.0,B
2021-06-11T10:43:55,200.0,14.0,B
2021-06-11T10:43:50,500.0,14.0,B
2021-06-11T10:43:49,100.0,14.0,B
2021-06-11T10:43:35,500.0,14.0,B
2021-06-11T10:43:34,1100.0,14.0,B
2021-06-11T10:43:28,1000.0,14.0,B
2021-06-11T10:43:08,3000.0,14.0,B
2021-06-11T10:41:45,1000.0,14.0,B
2021-06-11T10:41:23,9700.0,14.0,B
2021-06-11T10:40:53,100.0,14.0,B
2021-06-11T10:40:40,3500.0,14.0,B
2021-06-11T10:40:09,4000.0,14.0,B
2021-06-11T10:40:00,1500.0,14.0,B
2021-06-11T10:39:41,1000.0,14.0,B
2021-06-11T10:39:36,5300.0,14.0,B
2021-06-11T10:39:35,600.0,14.0,B
2021-06-11T10:39:28,200.0,14.0,B
2021-06-11T10:38:44,200.0,13.9,S
2021-06-11T10:38:31,500.0,14.0,B
2021-06-11T10:38:13,1000.0,13.9,S
2021-06-11T10:37:49,100.0,14.0,B
2021-06-11T10:37:18,200.0,13.9,S
2021-06-11T10:36:12,2000.0,14.0,B
2021-06-11T10:36:03,500.0,14.0,B
2021-06-11T10:35:42,3000.0,14.0,B
2021-06-11T10:35:15,100.0,14.0,B
2021-06-11T10:33:35,3000.0,14.0,B
2021-06-11T10:33:29,300.0,14.0,B
2021-06-11T10:33:25,3000.0,14.0,B
2021-06-11T10:32:44,100.0,14.0,B
2021-06-11T10:32:36,500.0,13.9,S
2021-06-11T10:31:50,100.0,13.9,S
2021-06-11T10:29:36,100.0,14.0,B
2021-06-11T10:29:30,300.0,14.0,B
2021-06-11T10:28:22,12900.0,14.0,B
2021-06-11T10:26:21,1000.0,14.0,B
2021-06-11T10:25:30,5000.0,13.9,S
2021-06-11T10:24:19,100.0,13.9,S
2021-06-11T10:23:30,11000.0,13.9,S
2021-06-11T10:20:57,800.0,13.9,S
2021-06-11T10:19:35,10000.0,14.0,B
2021-06-11T10:19:11,500.0,14.0,B
2021-06-11T10:19:11,200.0,14.0,B
2021-06-11T10:18:10,700.0,13.9,S
2021-06-11T10:18:00,1000.0,13.9,S
2021-06-11T10:17:14,2000.0,14.0,B
2021-06-11T10:16:25,2200.0,14.0,B
2021-06-11T10:15:07,6000.0,14.0,B
2021-06-11T10:14:54,200.0,14.0,B
2021-06-11T10:13:59,100.0,14.0,B
2021-06-11T10:13:36,500.0,14.0,B
2021-06-11T10:13:08,5000.0,14.0,B
2021-06-11T10:12:43,100.0,13.9,S
2021-06-11T10:12:42,1600.0,14.0,B
2021-06-11T10:12:40,1600.0,14.0,B
2021-06-11T10:12:30,10000.0,14.0,B
2021-06-11T10:12:27,700.0,14.0,B
2021-06-11T10:11:55,3000.0,14.0,B
2021-06-11T10:11:18,200.0,14.0,B
2021-06-11T10:10:57,4000.0,14.0,B
2021-06-11T10:09:48,1000.0,14.0,B
2021-06-11T10:09:36,500.0,13.9,S
2021-06-11T10:09:36,200.0,13.9,S
2021-06-11T10:08:56,4500.0,13.9,S
2021-06-11T10:08:41,500.0,14.0,B
2021-06-11T10:08:32,100.0,13.9,S
2021-06-11T10:07:54,2000.0,13.9,S
2021-06-11T10:07:17,1700.0,13.9,S
2021-06-11T10:06:24,200.0,13.9,S
2021-06-11T10:05:55,100.0,14.0,B
2021-06-11T10:05:18,100.0,14.0,B
2021-06-11T10:03:09,500.0,14.0,B
2021-06-11T10:02:10,500.0,14.0,B
2021-06-11T10:02:06,300.0,14.0,B
2021-06-11T10:01:20,500.0,14.0,B
2021-06-11T10:00:30,700.0,14.0,B
2021-06-11T10:00:30,500.0,13.9,S
2021-06-11T09:59:47,1500.0,13.9,S
2021-06-11T09:58:30,100.0,13.9,S
2021-06-11T09:57:52,6500.0,14.0,B
2021-06-11T09:57:22,5000.0,13.9,S
2021-06-11T09:56:22,100.0,13.9,S
2021-06-11T09:56:07,100.0,13.9,S
2021-06-11T09:55:35,200.0,13.9,S
2021-06-11T09:55:01,5000.0,13.9,S
2021-06-11T09:54:28,100.0,14.0,B
2021-06-11T09:53:56,1700.0,14.0,B
2021-06-11T09:53:39,1000.0,14.0,B
2021-06-11T09:53:33,100.0,14.0,B
2021-06-11T09:53:22,1600.0,14.0,B
2021-06-11T09:51:21,200.0,14.0,B
2021-06-11T09:51:21,1000.0,13.9,S
2021-06-11T09:51:06,8000.0,13.9,S
2021-06-11T09:51:02,500.0,13.9,S
2021-06-11T09:50:46,100.0,14.0,B
2021-06-11T09:50:38,10000.0,14.0,B
2021-06-11T09:50:23,100.0,14.0,B
2021-06-11T09:50:20,200.0,14.0,B
2021-06-11T09:50:07,1000.0,14.0,B
2021-06-11T09:50:01,1000.0,14.0,B
2021-06-11T09:49:52,200.0,14.0,B
2021-06-11T09:49:48,1500.0,14.0,B
2021-06-11T09:49:37,10000.0,14.0,B
2021-06-11T09:49:33,1500.0,14.0,B
2021-06-11T09:49:31,7100.0,14.0,B
2021-06-11T09:49:21,7500.0,14.0,B
2021-06-11T09:49:12,5000.0,14.0,B
2021-06-11T09:48:45,4000.0,14.0,B
2021-06-11T09:48:01,400.0,13.9,S
2021-06-11T09:47:58,4000.0,13.9,S
2021-06-11T09:47:13,200.0,13.9,S
2021-06-11T09:46:50,6000.0,13.9,B
2021-06-11T09:46:47,500.0,13.9,B
2021-06-11T09:46:47,1000.0,13.9,B
2021-06-11T09:46:40,2000.0,13.9,B
2021-06-11T09:46:37,300.0,13.9,B
2021-06-11T09:46:25,2000.0,13.9,B
2021-06-11T09:46:21,500.0,13.9,B
2021-06-11T09:46:14,4700.0,13.9,B
2021-06-11T09:46:12,3500.0,13.9,B
2021-06-11T09:45:33,5000.0,13.9,B
2021-06-11T09:45:17,1000.0,13.8,S
2021-06-11T09:45:14,10000.0,13.9,B
2021-06-11T09:44:59,20000.0,13.8,S
2021-06-11T09:44:38,7000.0,13.9,B
2021-06-11T09:44:22,1000.0,13.9,B
2021-06-11T09:43:51,2000.0,13.9,B
2021-06-11T09:43:46,15000.0,13.8,S
2021-06-11T09:43:22,300.0,13.9,B
2021-06-11T09:43:19,5000.0,13.8,S
2021-06-11T09:43:13,5300.0,13.8,S
2021-06-11T09:42:58,100.0,13.8,S
2021-06-11T09:42:45,200.0,13.8,S
2021-06-11T09:42:03,400.0,13.8,S
2021-06-11T09:41:56,2000.0,13.8,S
2021-06-11T09:41:35,5000.0,13.8,S
2021-06-11T09:41:12,300.0,13.8,S
2021-06-11T09:41:12,100.0,13.8,S
2021-06-11T09:40:26,1200.0,13.8,S
2021-06-11T09:39:33,100.0,13.9,B
2021-06-11T09:39:13,5600.0,13.9,S
2021-06-11T09:39:02,100.0,13.9,S
2021-06-11T09:38:57,4000.0,13.9,S
2021-06-11T09:38:36,300.0,13.9,S
2021-06-11T09:38:34,800.0,13.8,S
2021-06-11T09:38:32,1000.0,13.8,S
2021-06-11T09:38:07,1000.0,13.8,S
2021-06-11T09:37:51,1000.0,13.8,S
2021-06-11T09:36:50,5000.0,13.9,B
2021-06-11T09:36:35,300.0,13.9,B
2021-06-11T09:36:11,100.0,13.9,B
2021-06-11T09:35:30,200.0,13.9,B
2021-06-11T09:35:12,1500.0,13.9,S
2021-06-11T09:35:05,5000.0,13.9,S
2021-06-11T09:34:59,500.0,13.9,S
2021-06-11T09:34:53,1200.0,13.9,S
2021-06-11T09:34:48,1800.0,13.9,S
2021-06-11T09:34:42,600.0,13.9,S
2021-06-11T09:34:40,7000.0,13.9,S
2021-06-11T09:34:34,1000.0,13.9,S
2021-06-11T09:34:24,1000.0,13.9,S
2021-06-11T09:34:18,100.0,13.9,S
2021-06-11T09:34:18,500.0,13.9,S
2021-06-11T09:34:10,100.0,13.9,S
2021-06-11T09:34:10,1600.0,13.9,S
2021-06-11T09:34:04,10000.0,13.9,S
2021-06-11T09:33:50,200.0,13.9,S
2021-06-11T09:33:17,100.0,13.9,S
2021-06-11T09:33:05,200.0,13.9,S
2021-06-11T09:32:56,100.0,13.9,S
2021-06-11T09:32:29,100.0,13.9,S
2021-06-11T09:32:01,9000.0,13.9,S
2021-06-11T09:31:52,400.0,13.9,S
2021-06-11T09:31:51,5000.0,13.9,S
2021-06-11T09:31:36,5000.0,13.9,S
2021-06-11T09:31:13,3000.0,14.0,B
2021-06-11T09:30:45,200.0,14.0,B
2021-06-11T09:30:40,32000.0,13.9,S
2021-06-11T09:30:38,200.0,13.9,S
2021-06-11T09:30:27,1500.0,13.9,S
2021-06-11T09:30:14,200.0,14.0,B
2021-06-11T09:30:08,100.0,14.0,B
2021-06-11T09:29:14,100.0,14.0,B
2021-06-11T09:28:59,1000.0,13.9,S
2021-06-11T09:28:40,200.0,14.0,B
2021-06-11T09:28:23,15600.0,14.0,S
2021-06-11T09:28:18,5000.0,14.0,S
2021-06-11T09:28:09,1000.0,14.0,S
2021-06-11T09:27:31,400.0,14.0,S
2021-06-11T09:27:23,100.0,14.0,S
2021-06-11T09:27:02,100.0,14.1,B
2021-06-11T09:26:43,100.0,14.1,B
2021-06-11T09:26:39,1000.0,14.0,S
2021-06-11T09:25:54,100.0,14.1,B
2021-06-11T09:25:53,300.0,14.1,B
2021-06-11T09:25:38,500.0,14.1,B
2021-06-11T09:25:10,1900.0,14.0,S
2021-06-11T09:25:10,200.0,14.1,B
2021-06-11T09:24:12,2700.0,14.1,B
2021-06-11T09:24:08,7000.0,14.0,S
2021-06-11T09:23:44,2300.0,14.0,S
2021-06-11T09:23:17,200.0,14.0,S
2021-06-11T09:22:59,100.0,14.0,S
2021-06-11T09:22:55,500.0,14.0,S
2021-06-11T09:22:40,1000.0,14.0,S
2021-06-11T09:22:11,100.0,14.0,S
2021-06-11T09:22:09,400.0,14.0,S
2021-06-11T09:21:46,1000.0,14.0,S
2021-06-11T09:21:43,1000.0,14.0,S
2021-06-11T09:21:39,1200.0,14.0,S
2021-06-11T09:21:25,1100.0,14.0,S
2021-06-11T09:21:16,15700.0,14.0,B
2021-06-11T09:20:54,5000.0,14.0,B
2021-06-11T09:20:45,400.0,14.0,B
2021-06-11T09:20:38,10000.0,14.0,B
2021-06-11T09:20:36,100.0,14.0,B
2021-06-11T09:20:24,1000.0,14.0,B
2021-06-11T09:20:14,400.0,14.0,B
2021-06-11T09:19:57,5000.0,14.0,B
2021-06-11T09:19:51,1500.0,14.0,B
2021-06-11T09:19:43,200.0,14.0,B
2021-06-11T09:19:20,1300.0,14.0,B
2021-06-11T09:19:07,1000.0,13.9,S
2021-06-11T09:18:48,700.0,13.9,S
2021-06-11T09:18:16,100.0,14.0,B
2021-06-11T09:18:07,600.0,14.0,B
2021-06-11T09:17:57,3000.0,14.0,B
2021-06-11T09:17:55,100.0,14.0,B
2021-06-11T09:17:54,1200.0,13.9,S
2021-06-11T09:17:42,5000.0,14.0,B
2021-06-11T09:16:46,200.0,14.0,B
2021-06-11T09:16:21,100.0,13.9,S
2021-06-11T09:16:02,1000.0,13.9,S
2021-06-11T09:15:24,100.0,13.9,S
2021-06-11T09:15:01,300.0,13.9,S
2021-06-11T09:14:54,1000.0,13.9,S
2021-06-11T09:14:34,100.0,13.9,S
2021-06-11T09:14:10,100.0,13.9,S
2021-06-11T09:14:08,1000.0,13.9,S
2021-06-11T09:13:31,100.0,13.9,S
2021-06-11T09:12:48,1000.0,14.0,B
2021-06-11T09:11:54,100.0,14.0,B
2021-06-11T09:11:43,300.0,14.0,B
2021-06-11T09:11:43,200.0,14.0,S
2021-06-11T09:11:28,7000.0,14.0,S
2021-06-11T09:11:25,1000.0,14.0,S
2021-06-11T09:11:21,7000.0,14.0,S
2021-06-11T09:11:20,1500.0,14.1,B
2021-06-11T09:11:20,100.0,14.0,S
2021-06-11T09:11:14,100.0,14.0,S
2021-06-11T09:11:10,500.0,14.0,S
2021-06-11T09:11:00,500.0,14.0,S
2021-06-11T09:10:57,100.0,14.0,S
2021-06-11T09:10:48,1300.0,14.0,S
2021-06-11T09:10:24,500.0,14.0,S
2021-06-11T09:10:17,1500.0,14.0,S
2021-06-11T09:09:12,300.0,14.2,B
2021-06-11T09:08:24,3200.0,14.2,S
2021-06-11T09:08:07,1000.0,14.2,S
2021-06-11T09:08:06,100.0,14.2,S
2021-06-11T09:08:04,9500.0,14.2,B
2021-06-11T09:07:52,2000.0,14.2,B
2021-06-11T09:07:16,100.0,14.2,S
2021-06-11T09:07:04,5000.0,14.0,S
2021-06-11T09:06:55,1200.0,14.2,B
2021-06-11T09:06:48,100.0,14.0,S
2021-06-11T09:06:35,30000.0,14.2,B
2021-06-11T09:06:23,900.0,14.0,S
2021-06-11T09:06:21,300.0,13.9,S
2021-06-11T09:06:19,5000.0,14.0,B
2021-06-11T09:06:07,14400.0,13.9,B
2021-06-11T09:05:38,100.0,13.9,B
2021-06-11T09:05:28,10000.0,13.9,B
2021-06-11T09:05:11,2000.0,13.9,B
2021-06-11T09:05:08,10000.0,13.9,B
2021-06-11T09:05:01,2000.0,13.9,B
2021-06-11T09:04:56,200.0,13.8,S
2021-06-11T09:04:48,3000.0,13.8,S
2021-06-11T09:04:43,1500.0,13.9,B
2021-06-11T09:04:32,100.0,13.8,S
2021-06-11T09:04:31,100.0,13.9,B
2021-06-11T09:04:18,3900.0,13.8,B
2021-06-11T09:04:17,1900.0,13.8,B
2021-06-11T09:04:14,1000.0,13.8,B
2021-06-11T09:04:11,1000.0,13.8,B
2021-06-11T09:04:08,20000.0,13.8,B
2021-06-11T09:04:07,3100.0,13.8,B
2021-06-11T09:04:07,1000.0,13.8,B
2021-06-11T09:03:57,500.0,13.8,B
2021-06-11T09:03:52,500.0,13.8,B
2021-06-11T09:03:44,1000.0,13.8,B
2021-06-11T09:03:36,1200.0,13.7,S
2021-06-11T09:03:26,5000.0,13.8,B
2021-06-11T09:03:21,100.0,13.7,S
2021-06-11T09:03:15,2200.0,13.7,S
2021-06-11T09:03:05,200.0,13.7,S
2021-06-11T09:02:38,100.0,13.7,S
2021-06-11T09:02:31,100.0,13.8,B
2021-06-11T09:02:22,100.0,13.7,S
2021-06-11T09:02:19,2000.0,13.8,B
2021-06-11T09:02:09,100.0,13.8,B
2021-06-11T09:02:00,1000.0,13.8,B
2021-06-11T09:01:46,100.0,13.8,B
2021-06-11T09:01:24,500.0,13.8,B
2021-06-11T09:01:23,2100.0,13.8,B
2021-06-11T09:01:09,700.0,13.7,B
2021-06-11T09:00:50,100.0,13.7,S
2021-06-11T09:00:48,2000.0,13.8,B
2021-06-11T09:00:48,1900.0,13.8,B
2021-06-11T09:00:48,200.0,13.8,S
2021-06-11T09:00:42,2000.0,13.9,B
2021-06-11T09:00:42,500.0,13.9,B
2021-06-11T09:00:24,2100.0,13.8,S
2021-06-11T09:00:16,200.0,13.8,B
