tradingTime,volume,price,side
2021-06-11T14:30:42,200.0,52.5,S
2021-06-11T14:30:42,1000.0,52.6,B
2021-06-11T14:30:42,200.0,52.6,B
2021-06-11T14:30:37,200.0,52.5,S
2021-06-11T14:30:37,100.0,52.6,B
2021-06-11T14:30:37,500.0,52.6,B
2021-06-11T14:30:37,17700.0,52.6,B
2021-06-11T14:30:37,10000.0,52.6,B
2021-06-11T14:30:37,1000.0,52.6,B
2021-06-11T14:30:37,100.0,52.6,B
2021-06-11T14:30:32,1000.0,52.6,B
2021-06-11T14:30:32,700.0,52.6,B
2021-06-11T14:30:27,1000.0,52.6,B
2021-06-11T14:30:27,500.0,52.6,B
2021-06-11T14:30:27,5000.0,52.5,S
2021-06-11T14:30:27,100.0,52.5,S
2021-06-11T14:30:22,2000.0,52.6,B
2021-06-11T14:30:12,5000.0,52.6,B
2021-06-11T14:30:12,800.0,52.5,S
2021-06-11T14:30:12,5000.0,52.6,B
2021-06-11T14:30:08,2000.0,52.6,B
2021-06-11T14:30:07,200.0,52.6,B
2021-06-11T14:30:07,600.0,52.6,B
2021-06-11T14:29:51,500.0,52.6,B
2021-06-11T14:29:50,15000.0,52.6,B
2021-06-11T14:29:43,1000.0,52.6,B
2021-06-11T14:29:43,500.0,52.6,B
2021-06-11T14:29:43,500.0,52.6,B
2021-06-11T14:29:42,700.0,52.5,S
2021-06-11T14:29:32,1100.0,52.6,B
2021-06-11T14:29:23,4400.0,52.5,S
2021-06-11T14:29:23,500.0,52.5,S
2021-06-11T14:29:23,3500.0,52.5,S
2021-06-11T14:29:22,1000.0,52.5,S
2021-06-11T14:29:22,200.0,52.5,S
2021-06-11T14:29:22,5900.0,52.5,S
2021-06-11T14:29:22,4100.0,52.5,S
2021-06-11T14:29:22,3700.0,52.5,S
2021-06-11T14:29:22,2200.0,52.5,S
2021-06-11T14:29:22,3100.0,52.5,S
2021-06-11T14:29:22,4200.0,52.5,S
2021-06-11T14:29:22,17200.0,52.5,S
2021-06-11T14:29:21,11300.0,52.6,B
2021-06-11T14:29:20,800.0,52.6,B
2021-06-11T14:29:17,500.0,52.6,B
2021-06-11T14:29:14,200.0,52.6,B
2021-06-11T14:29:14,4000.0,52.6,B
2021-06-11T14:29:14,200.0,52.5,S
2021-06-11T14:29:09,600.0,52.6,B
2021-06-11T14:29:04,100.0,52.6,B
2021-06-11T14:29:03,800.0,52.5,S
2021-06-11T14:29:03,600.0,52.6,B
2021-06-11T14:29:02,3500.0,52.6,B
2021-06-11T14:28:44,1000.0,52.5,S
2021-06-11T14:28:42,1000.0,52.6,B
2021-06-11T14:28:41,200.0,52.6,B
2021-06-11T14:28:33,500.0,52.6,B
2021-06-11T14:28:31,1000.0,52.6,B
2021-06-11T14:28:26,1000.0,52.6,B
2021-06-11T14:28:24,3000.0,52.6,B
2021-06-11T14:28:18,1100.0,52.6,B
2021-06-11T14:28:16,300.0,52.5,S
2021-06-11T14:28:10,1000.0,52.6,B
2021-06-11T14:28:04,300.0,52.6,B
2021-06-11T14:28:03,200.0,52.6,B
2021-06-11T14:28:00,200.0,52.6,B
2021-06-11T14:27:59,4000.0,52.6,B
2021-06-11T14:27:57,400.0,52.6,B
2021-06-11T14:27:53,32000.0,52.5,S
2021-06-11T14:27:53,2100.0,52.5,S
2021-06-11T14:27:53,2500.0,52.5,S
2021-06-11T14:27:53,13400.0,52.5,S
2021-06-11T14:27:51,500.0,52.6,B
2021-06-11T14:27:42,100.0,52.6,B
2021-06-11T14:27:39,500.0,52.6,B
2021-06-11T14:27:39,7400.0,52.5,S
2021-06-11T14:27:38,500.0,52.6,B
2021-06-11T14:27:34,500.0,52.6,B
2021-06-11T14:27:31,10000.0,52.6,B
2021-06-11T14:27:27,700.0,52.5,S
2021-06-11T14:27:27,4300.0,52.5,S
2021-06-11T14:27:26,1900.0,52.6,B
2021-06-11T14:27:21,100.0,52.6,B
2021-06-11T14:27:21,300.0,52.6,B
2021-06-11T14:27:18,1700.0,52.6,B
2021-06-11T14:27:18,300.0,52.6,B
2021-06-11T14:27:17,5000.0,52.6,B
2021-06-11T14:27:14,4000.0,52.6,B
2021-06-11T14:27:13,1000.0,52.6,B
2021-06-11T14:27:12,100.0,52.6,B
2021-06-11T14:27:08,2000.0,52.6,B
2021-06-11T14:27:06,200.0,52.6,B
2021-06-11T14:27:04,800.0,52.6,B
2021-06-11T14:27:03,300.0,52.6,B
2021-06-11T14:26:59,800.0,52.6,B
2021-06-11T14:26:56,1700.0,52.6,B
2021-06-11T14:26:53,7000.0,52.6,B
2021-06-11T14:26:52,200.0,52.6,B
2021-06-11T14:26:52,3000.0,52.5,S
2021-06-11T14:26:48,500.0,52.5,S
2021-06-11T14:26:47,6200.0,52.5,S
2021-06-11T14:26:47,2500.0,52.5,S
2021-06-11T14:26:47,100.0,52.5,S
2021-06-11T14:26:46,4200.0,52.5,S
2021-06-11T14:26:46,17000.0,52.5,S
2021-06-11T14:26:42,100.0,52.6,B
2021-06-11T14:26:41,1000.0,52.5,S
2021-06-11T14:26:39,100.0,52.5,S
2021-06-11T14:26:38,4000.0,52.5,S
2021-06-11T14:26:35,200.0,52.5,S
2021-06-11T14:26:32,100.0,52.6,B
2021-06-11T14:26:30,2000.0,52.6,B
2021-06-11T14:26:27,100.0,52.6,B
2021-06-11T14:26:26,2000.0,52.5,S
2021-06-11T14:26:24,26000.0,52.6,B
2021-06-11T14:26:24,100.0,52.6,B
2021-06-11T14:26:19,300.0,52.6,B
2021-06-11T14:26:16,36000.0,52.6,B
2021-06-11T14:26:13,4000.0,52.5,S
2021-06-11T14:26:09,100.0,52.6,B
2021-06-11T14:26:08,5200.0,52.5,S
2021-06-11T14:26:07,500.0,52.6,B
2021-06-11T14:26:01,100.0,52.6,B
2021-06-11T14:26:01,5000.0,52.5,S
2021-06-11T14:25:58,1000.0,52.5,S
2021-06-11T14:25:53,100.0,52.5,S
2021-06-11T14:25:52,100.0,52.5,S
2021-06-11T14:25:49,10000.0,52.6,B
2021-06-11T14:25:47,100.0,52.6,B
2021-06-11T14:25:37,100.0,52.6,B
2021-06-11T14:25:36,6000.0,52.6,B
2021-06-11T14:25:34,800.0,52.6,B
2021-06-11T14:25:33,4000.0,52.5,S
2021-06-11T14:25:18,200.0,52.5,S
2021-06-11T14:25:12,100.0,52.6,B
2021-06-11T14:25:11,1700.0,52.5,S
2021-06-11T14:25:11,300.0,52.5,S
2021-06-11T14:25:11,100.0,52.6,B
2021-06-11T14:25:03,300.0,52.6,B
2021-06-11T14:24:56,500.0,52.6,B
2021-06-11T14:24:55,50000.0,52.5,S
2021-06-11T14:24:53,200.0,52.5,S
2021-06-11T14:24:49,100.0,52.5,S
2021-06-11T14:24:47,1000.0,52.6,B
2021-06-11T14:24:46,2600.0,52.5,S
2021-06-11T14:24:46,1400.0,52.5,S
2021-06-11T14:24:45,300.0,52.5,S
2021-06-11T14:24:44,10000.0,52.6,B
2021-06-11T14:24:43,200.0,52.5,S
2021-06-11T14:24:27,600.0,52.6,B
2021-06-11T14:24:20,300.0,52.6,B
2021-06-11T14:24:12,1000.0,52.5,S
2021-06-11T14:24:10,2200.0,52.5,S
2021-06-11T14:24:10,1800.0,52.5,S
2021-06-11T14:23:52,5000.0,52.5,S
2021-06-11T14:23:49,700.0,52.5,S
2021-06-11T14:23:44,100.0,52.6,B
2021-06-11T14:23:36,100.0,52.6,B
2021-06-11T14:23:34,2000.0,52.6,B
2021-06-11T14:23:33,200.0,52.6,B
2021-06-11T14:23:25,100.0,52.6,B
2021-06-11T14:23:22,500.0,52.5,S
2021-06-11T14:23:22,2500.0,52.5,S
2021-06-11T14:23:20,500.0,52.6,B
2021-06-11T14:23:19,5000.0,52.5,S
2021-06-11T14:23:08,1200.0,52.6,B
2021-06-11T14:23:06,1000.0,52.6,B
2021-06-11T14:23:04,4000.0,52.5,S
2021-06-11T14:22:56,500.0,52.6,B
2021-06-11T14:22:55,3000.0,52.5,S
2021-06-11T14:22:52,1000.0,52.6,B
2021-06-11T14:22:36,200.0,52.6,B
2021-06-11T14:22:31,4000.0,52.5,S
2021-06-11T14:22:27,100.0,52.6,B
2021-06-11T14:22:27,100.0,52.6,B
2021-06-11T14:22:18,4000.0,52.5,S
2021-06-11T14:22:11,100.0,52.6,B
2021-06-11T14:22:07,3000.0,52.6,B
2021-06-11T14:21:59,100.0,52.6,B
2021-06-11T14:21:59,300.0,52.6,B
2021-06-11T14:21:57,2000.0,52.5,S
2021-06-11T14:21:55,2000.0,52.5,S
2021-06-11T14:21:54,1500.0,52.6,B
2021-06-11T14:21:41,100.0,52.6,B
2021-06-11T14:21:39,5000.0,52.5,S
2021-06-11T14:21:39,10000.0,52.6,B
2021-06-11T14:21:37,500.0,52.6,B
2021-06-11T14:21:36,500.0,52.5,S
2021-06-11T14:21:33,3000.0,52.6,B
2021-06-11T14:21:32,500.0,52.6,B
2021-06-11T14:21:29,3000.0,52.5,S
2021-06-11T14:21:23,11400.0,52.5,S
2021-06-11T14:21:22,2000.0,52.6,B
2021-06-11T14:21:17,1400.0,52.5,S
2021-06-11T14:21:15,2100.0,52.6,B
2021-06-11T14:21:15,500.0,52.6,B
2021-06-11T14:21:12,2700.0,52.6,B
2021-06-11T14:21:12,1000.0,52.6,B
2021-06-11T14:21:04,1000.0,52.5,S
2021-06-11T14:21:02,5000.0,52.5,S
2021-06-11T14:20:59,100.0,52.6,B
2021-06-11T14:20:56,400.0,52.6,B
2021-06-11T14:20:53,1400.0,52.6,B
2021-06-11T14:20:45,2500.0,52.6,B
2021-06-11T14:20:38,3000.0,52.5,S
2021-06-11T14:20:33,500.0,52.6,B
2021-06-11T14:20:22,800.0,52.6,B
2021-06-11T14:20:16,200.0,52.6,B
2021-06-11T14:20:14,100.0,52.6,B
2021-06-11T14:20:12,2000.0,52.5,S
2021-06-11T14:20:12,1800.0,52.6,B
2021-06-11T14:20:10,400.0,52.6,B
2021-06-11T14:20:08,1000.0,52.6,B
2021-06-11T14:20:05,100.0,52.6,B
2021-06-11T14:20:04,500.0,52.6,B
2021-06-11T14:19:51,3000.0,52.5,S
2021-06-11T14:19:49,6400.0,52.6,B
2021-06-11T14:19:49,600.0,52.6,B
2021-06-11T14:19:49,800.0,52.6,B
2021-06-11T14:19:45,1000.0,52.6,B
2021-06-11T14:19:45,2800.0,52.6,B
2021-06-11T14:19:43,500.0,52.6,B
2021-06-11T14:19:37,200.0,52.6,B
2021-06-11T14:19:34,1300.0,52.7,B
2021-06-11T14:19:32,100.0,52.6,B
2021-06-11T14:19:30,200.0,52.6,B
2021-06-11T14:19:30,200.0,52.6,B
2021-06-11T14:19:27,5000.0,52.6,B
2021-06-11T14:19:24,50000.0,52.6,B
2021-06-11T14:19:23,500.0,52.7,B
2021-06-11T14:19:05,4000.0,52.6,B
2021-06-11T14:19:01,100.0,52.6,B
2021-06-11T14:18:57,6800.0,52.6,B
2021-06-11T14:18:57,50000.0,52.6,B
2021-06-11T14:18:49,500.0,52.6,B
2021-06-11T14:18:47,1300.0,52.6,B
2021-06-11T14:18:47,7000.0,52.6,B
2021-06-11T14:18:45,300.0,52.7,B
2021-06-11T14:18:45,3000.0,52.6,B
2021-06-11T14:18:42,5500.0,52.7,B
2021-06-11T14:18:41,5000.0,52.7,B
2021-06-11T14:18:39,900.0,52.6,B
2021-06-11T14:18:37,1000.0,52.6,B
2021-06-11T14:18:35,800.0,52.7,B
2021-06-11T14:18:26,3000.0,52.7,B
2021-06-11T14:18:25,300.0,52.6,B
2021-06-11T14:18:25,3000.0,52.6,B
2021-06-11T14:18:25,200.0,52.6,B
2021-06-11T14:18:24,100.0,52.6,B
2021-06-11T14:18:22,4000.0,52.5,S
2021-06-11T14:18:19,500.0,52.6,B
2021-06-11T14:18:19,4200.0,52.6,B
2021-06-11T14:18:18,100.0,52.5,S
2021-06-11T14:18:15,100.0,52.6,B
2021-06-11T14:18:11,1600.0,52.6,B
2021-06-11T14:18:11,500.0,52.6,B
2021-06-11T14:18:11,900.0,52.6,B
2021-06-11T14:18:01,100.0,52.6,B
2021-06-11T14:17:56,200.0,52.6,B
2021-06-11T14:17:53,300.0,52.7,B
2021-06-11T14:17:52,3000.0,52.6,B
2021-06-11T14:17:50,1000.0,52.6,B
2021-06-11T14:17:47,4000.0,52.6,B
2021-06-11T14:17:43,2000.0,52.7,B
2021-06-11T14:17:42,1900.0,52.7,B
2021-06-11T14:17:41,100.0,52.6,B
2021-06-11T14:17:40,100.0,52.6,B
2021-06-11T14:17:35,1000.0,52.6,B
2021-06-11T14:17:29,100.0,52.6,B
2021-06-11T14:17:27,2000.0,52.6,B
2021-06-11T14:17:27,1000.0,52.6,B
2021-06-11T14:17:22,500.0,52.6,B
2021-06-11T14:17:17,100.0,52.7,B
2021-06-11T14:17:07,200.0,52.5,S
2021-06-11T14:17:07,3000.0,52.5,S
2021-06-11T14:16:47,500.0,52.6,B
2021-06-11T14:16:42,400.0,52.6,B
2021-06-11T14:16:32,2000.0,52.6,B
2021-06-11T14:16:32,2000.0,52.6,B
2021-06-11T14:16:26,4200.0,52.6,B
2021-06-11T14:16:21,300.0,52.6,B
2021-06-11T14:16:15,1000.0,52.5,S
2021-06-11T14:16:15,200.0,52.5,S
2021-06-11T14:16:11,2000.0,52.5,S
2021-06-11T14:16:09,500.0,52.6,B
2021-06-11T14:16:08,1400.0,52.6,B
2021-06-11T14:16:08,19400.0,52.6,B
2021-06-11T14:16:06,2000.0,52.6,B
2021-06-11T14:15:57,4500.0,52.6,B
2021-06-11T14:15:56,4000.0,52.5,S
2021-06-11T14:15:47,5000.0,52.6,B
2021-06-11T14:15:42,2000.0,52.6,B
2021-06-11T14:15:39,3000.0,52.5,S
2021-06-11T14:15:35,500.0,52.6,S
2021-06-11T14:15:33,200.0,52.6,S
2021-06-11T14:15:33,100.0,52.5,S
2021-06-11T14:15:25,1300.0,52.5,S
2021-06-11T14:15:25,1400.0,52.5,S
2021-06-11T14:15:25,5900.0,52.5,S
2021-06-11T14:15:25,2100.0,52.5,S
2021-06-11T14:15:25,30900.0,52.5,S
2021-06-11T14:15:25,6900.0,52.5,S
2021-06-11T14:15:25,700.0,52.5,S
2021-06-11T14:15:25,500.0,52.5,S
2021-06-11T14:15:25,300.0,52.5,S
2021-06-11T14:15:24,3000.0,52.6,S
2021-06-11T14:15:23,10000.0,52.6,S
2021-06-11T14:15:17,700.0,52.5,S
2021-06-11T14:15:17,2000.0,52.5,S
2021-06-11T14:15:17,1800.0,52.5,S
2021-06-11T14:15:17,500.0,52.5,S
2021-06-11T14:15:14,500.0,52.6,S
2021-06-11T14:15:05,2000.0,52.5,S
2021-06-11T14:15:02,8000.0,52.6,S
2021-06-11T14:15:01,6700.0,52.6,S
2021-06-11T14:15:01,500.0,52.6,S
2021-06-11T14:14:58,1200.0,52.6,S
2021-06-11T14:14:57,1800.0,52.6,S
2021-06-11T14:14:57,200.0,52.6,S
2021-06-11T14:14:52,4000.0,52.5,S
2021-06-11T14:14:47,300.0,52.6,S
2021-06-11T14:14:44,200.0,52.6,S
2021-06-11T14:14:43,30000.0,52.7,B
2021-06-11T14:14:38,3000.0,52.5,S
2021-06-11T14:14:33,2000.0,52.7,B
2021-06-11T14:14:30,100.0,52.7,B
2021-06-11T14:14:30,6100.0,52.5,S
2021-06-11T14:14:30,1600.0,52.5,S
2021-06-11T14:14:30,700.0,52.5,S
2021-06-11T14:14:30,15900.0,52.5,S
2021-06-11T14:14:30,200.0,52.6,S
2021-06-11T14:14:29,100.0,52.6,S
2021-06-11T14:14:29,4800.0,52.6,S
2021-06-11T14:14:29,2000.0,52.6,S
2021-06-11T14:14:28,68800.0,52.6,S
2021-06-11T14:14:28,2100.0,52.7,B
2021-06-11T14:14:28,900.0,52.7,B
2021-06-11T14:14:21,5000.0,52.6,S
2021-06-11T14:14:14,2000.0,52.6,S
2021-06-11T14:14:08,4000.0,52.6,S
2021-06-11T14:14:07,100.0,52.7,B
2021-06-11T14:13:58,2000.0,52.6,S
2021-06-11T14:13:58,500.0,52.7,B
2021-06-11T14:13:56,500.0,52.7,B
2021-06-11T14:13:52,200.0,52.7,B
2021-06-11T14:13:51,200.0,52.6,S
2021-06-11T14:13:49,200.0,52.6,S
2021-06-11T14:13:49,2000.0,52.6,S
2021-06-11T14:13:37,6500.0,52.7,B
2021-06-11T14:13:21,2000.0,52.6,S
2021-06-11T14:13:10,1200.0,52.7,B
2021-06-11T14:13:07,5000.0,52.6,S
2021-06-11T14:12:57,200.0,52.6,S
2021-06-11T14:12:57,200.0,52.6,S
2021-06-11T14:12:54,1000.0,52.7,B
2021-06-11T14:12:48,1500.0,52.7,B
2021-06-11T14:12:48,5000.0,52.6,S
2021-06-11T14:12:33,2000.0,52.6,S
2021-06-11T14:12:32,3000.0,52.6,S
2021-06-11T14:12:32,100.0,52.6,S
2021-06-11T14:12:31,1000.0,52.6,S
2021-06-11T14:12:29,500.0,52.6,S
2021-06-11T14:12:29,500.0,52.7,B
2021-06-11T14:12:28,100.0,52.6,S
2021-06-11T14:12:26,2800.0,52.6,S
2021-06-11T14:12:26,300.0,52.6,S
2021-06-11T14:12:25,1900.0,52.6,S
2021-06-11T14:12:22,2000.0,52.6,S
2021-06-11T14:12:15,2000.0,52.6,S
2021-06-11T14:12:15,3000.0,52.6,S
2021-06-11T14:12:12,1000.0,52.6,S
2021-06-11T14:12:12,100.0,52.7,B
2021-06-11T14:12:08,2000.0,52.6,S
2021-06-11T14:11:59,700.0,52.6,S
2021-06-11T14:11:59,2000.0,52.5,S
2021-06-11T14:11:53,300.0,52.5,S
2021-06-11T14:11:53,4700.0,52.5,S
2021-06-11T14:11:51,300.0,52.6,S
2021-06-11T14:11:48,600.0,52.7,B
2021-06-11T14:11:48,2600.0,52.6,S
2021-06-11T14:11:43,5000.0,52.5,S
2021-06-11T14:11:38,5000.0,52.5,S
2021-06-11T14:11:37,1000.0,52.7,B
2021-06-11T14:11:31,300.0,52.5,S
2021-06-11T14:11:31,1100.0,52.5,S
2021-06-11T14:11:31,1000.0,52.5,S
2021-06-11T14:11:30,1600.0,52.5,S
2021-06-11T14:11:28,300.0,52.7,B
2021-06-11T14:11:27,1900.0,52.6,S
2021-06-11T14:11:25,300.0,52.6,S
2021-06-11T14:11:23,100.0,52.6,S
2021-06-11T14:11:23,100.0,52.6,S
2021-06-11T14:11:20,300.0,52.6,S
2021-06-11T14:11:20,1000.0,52.6,S
2021-06-11T14:11:20,16300.0,52.6,S
2021-06-11T14:11:18,100.0,52.6,S
2021-06-11T14:11:14,3000.0,52.6,S
2021-06-11T14:11:09,1400.0,52.7,B
2021-06-11T14:11:04,100.0,52.7,B
2021-06-11T14:10:59,100.0,52.6,S
2021-06-11T14:10:57,600.0,52.6,S
2021-06-11T14:10:55,600.0,52.6,S
2021-06-11T14:10:47,1000.0,52.7,B
2021-06-11T14:10:46,100.0,52.7,B
2021-06-11T14:10:45,400.0,52.6,S
2021-06-11T14:10:35,1000.0,52.6,S
2021-06-11T14:10:32,200.0,52.6,S
2021-06-11T14:10:32,1200.0,52.6,S
2021-06-11T14:10:25,100.0,52.6,S
2021-06-11T14:10:22,1000.0,52.6,S
2021-06-11T14:10:14,500.0,52.6,S
2021-06-11T14:10:14,100.0,52.6,S
2021-06-11T14:10:10,100.0,52.6,S
2021-06-11T14:10:10,400.0,52.6,S
2021-06-11T14:10:10,3900.0,52.6,S
2021-06-11T14:10:07,500.0,52.6,S
2021-06-11T14:10:07,100.0,52.6,S
2021-06-11T14:10:02,100.0,52.6,S
2021-06-11T14:10:01,100.0,52.6,S
2021-06-11T14:10:00,1000.0,52.6,S
2021-06-11T14:10:00,2200.0,52.6,S
2021-06-11T14:10:00,5800.0,52.6,S
2021-06-11T14:09:25,1500.0,52.6,S
2021-06-11T14:09:24,900.0,52.7,B
2021-06-11T14:09:18,200.0,52.6,S
2021-06-11T14:09:16,500.0,52.6,S
2021-06-11T14:09:00,1700.0,52.6,S
2021-06-11T14:09:00,19300.0,52.6,S
2021-06-11T14:08:59,3200.0,52.6,S
2021-06-11T14:08:52,1500.0,52.6,S
2021-06-11T14:08:50,100.0,52.7,B
2021-06-11T14:08:49,1000.0,52.7,B
2021-06-11T14:08:47,100.0,52.6,S
2021-06-11T14:08:45,500.0,52.6,S
2021-06-11T14:08:41,100.0,52.6,S
2021-06-11T14:08:40,100.0,52.6,S
2021-06-11T14:08:39,2600.0,52.7,B
2021-06-11T14:08:39,600.0,52.6,S
2021-06-11T14:08:28,900.0,52.6,S
2021-06-11T14:08:27,100.0,52.6,S
2021-06-11T14:08:22,200.0,52.6,S
2021-06-11T14:08:21,100.0,52.5,S
2021-06-11T14:08:10,1100.0,52.6,S
2021-06-11T14:08:05,300.0,52.6,S
2021-06-11T14:08:05,1200.0,52.6,S
2021-06-11T14:08:04,500.0,52.6,S
2021-06-11T14:08:02,1000.0,52.7,B
2021-06-11T14:08:00,19300.0,52.7,B
2021-06-11T14:07:57,100.0,52.7,B
2021-06-11T14:07:54,100.0,52.6,B
2021-06-11T14:07:49,1600.0,52.6,B
2021-06-11T14:07:46,100.0,52.6,B
2021-06-11T14:07:35,10300.0,52.7,B
2021-06-11T14:07:34,2000.0,52.6,B
2021-06-11T14:07:30,3000.0,52.6,B
2021-06-11T14:07:24,700.0,52.6,B
2021-06-11T14:07:23,1300.0,52.6,B
2021-06-11T14:07:20,1400.0,52.5,S
2021-06-11T14:07:20,2200.0,52.5,S
2021-06-11T14:07:20,1400.0,52.5,S
2021-06-11T14:07:20,200.0,52.6,B
2021-06-11T14:07:14,3000.0,52.5,S
2021-06-11T14:07:06,3000.0,52.5,S
2021-06-11T14:07:02,6000.0,52.7,B
2021-06-11T14:07:00,100.0,52.6,B
2021-06-11T14:06:59,3100.0,52.5,S
2021-06-11T14:06:59,1000.0,52.5,S
2021-06-11T14:06:59,2000.0,52.5,S
2021-06-11T14:06:59,43900.0,52.5,S
2021-06-11T14:06:58,100.0,52.5,S
2021-06-11T14:06:58,3700.0,52.5,S
2021-06-11T14:06:58,100.0,52.5,S
2021-06-11T14:06:58,1000.0,52.5,S
2021-06-11T14:06:58,500.0,52.6,B
2021-06-11T14:06:58,100.0,52.6,B
2021-06-11T14:06:57,400.0,52.6,B
2021-06-11T14:06:57,2600.0,52.6,B
2021-06-11T14:06:57,700.0,52.6,B
2021-06-11T14:06:57,40800.0,52.6,B
2021-06-11T14:06:56,55000.0,52.6,B
2021-06-11T14:06:55,50000.0,52.6,B
2021-06-11T14:06:47,2000.0,52.6,B
2021-06-11T14:06:44,100.0,52.6,B
2021-06-11T14:06:43,1000.0,52.6,B
2021-06-11T14:06:43,4000.0,52.6,B
2021-06-11T14:06:37,20000.0,52.7,B
2021-06-11T14:06:34,5000.0,52.6,B
2021-06-11T14:06:30,2000.0,52.6,B
2021-06-11T14:06:26,10300.0,52.7,B
2021-06-11T14:06:19,4000.0,52.6,B
2021-06-11T14:06:08,5000.0,52.6,B
2021-06-11T14:06:08,1500.0,52.6,B
2021-06-11T14:06:07,200.0,52.6,B
2021-06-11T14:06:05,500.0,52.6,B
2021-06-11T14:06:04,100.0,52.6,B
2021-06-11T14:06:01,4000.0,52.6,B
2021-06-11T14:05:57,5000.0,52.6,B
2021-06-11T14:05:56,100.0,52.6,B
2021-06-11T14:05:55,4500.0,52.7,B
2021-06-11T14:05:55,1000.0,52.7,B
2021-06-11T14:05:53,7100.0,52.6,B
2021-06-11T14:05:53,10700.0,52.6,B
2021-06-11T14:05:49,300.0,52.6,B
2021-06-11T14:05:49,3200.0,52.6,B
2021-06-11T14:05:46,10000.0,52.6,B
2021-06-11T14:05:45,1500.0,52.6,B
2021-06-11T14:05:45,500.0,52.6,B
2021-06-11T14:05:44,2700.0,52.6,B
2021-06-11T14:05:44,1100.0,52.5,S
2021-06-11T14:05:44,500.0,52.5,S
2021-06-11T14:05:42,700.0,52.5,S
2021-06-11T14:05:42,700.0,52.5,S
2021-06-11T14:05:42,7700.0,52.6,B
2021-06-11T14:05:42,2300.0,52.6,B
2021-06-11T14:05:40,3200.0,52.6,B
2021-06-11T14:05:39,10900.0,52.6,B
2021-06-11T14:05:34,10000.0,52.6,B
2021-06-11T14:05:33,500.0,52.6,B
2021-06-11T14:05:33,600.0,52.6,B
2021-06-11T14:05:33,300.0,52.5,S
2021-06-11T14:05:33,700.0,52.5,S
2021-06-11T14:05:30,13900.0,52.5,S
2021-06-11T14:05:27,20000.0,52.6,B
2021-06-11T14:05:26,100.0,52.6,B
2021-06-11T14:05:22,5000.0,52.5,S
2021-06-11T14:05:17,500.0,52.6,B
2021-06-11T14:05:17,64800.0,52.6,B
2021-06-11T14:05:17,1300.0,52.6,B
2021-06-11T14:05:17,33900.0,52.6,B
2021-06-11T14:05:12,3000.0,52.5,S
2021-06-11T14:05:06,30000.0,52.6,B
2021-06-11T14:05:03,15000.0,52.6,B
2021-06-11T14:05:01,2000.0,52.6,B
2021-06-11T14:04:59,1000.0,52.6,B
2021-06-11T14:04:59,2000.0,52.6,B
2021-06-11T14:04:56,4000.0,52.5,S
2021-06-11T14:04:51,300.0,52.6,B
2021-06-11T14:04:51,200.0,52.5,S
2021-06-11T14:04:47,5000.0,52.5,S
2021-06-11T14:04:40,5000.0,52.5,S
2021-06-11T14:04:34,500.0,52.5,S
2021-06-11T14:04:34,300.0,52.5,S
2021-06-11T14:04:32,2000.0,52.5,S
2021-06-11T14:04:25,5000.0,52.5,S
2021-06-11T14:04:23,100.0,52.5,S
2021-06-11T14:04:21,1600.0,52.5,S
2021-06-11T14:04:21,5700.0,52.5,S
2021-06-11T14:04:20,300.0,52.5,S
2021-06-11T14:04:20,200.0,52.5,S
2021-06-11T14:04:18,400.0,52.5,S
2021-06-11T14:04:18,2600.0,52.5,S
2021-06-11T14:04:17,500.0,52.5,S
2021-06-11T14:04:11,2000.0,52.5,S
2021-06-11T14:04:10,200.0,52.5,S
2021-06-11T14:04:03,800.0,52.5,S
2021-06-11T14:04:03,400.0,52.5,S
2021-06-11T14:04:03,2800.0,52.5,S
2021-06-11T14:04:03,2000.0,52.6,B
2021-06-11T14:03:59,100.0,52.5,S
2021-06-11T14:03:54,5000.0,52.6,B
2021-06-11T14:03:48,1000.0,52.5,S
2021-06-11T14:03:47,5000.0,52.5,S
2021-06-11T14:03:46,100.0,52.5,S
2021-06-11T14:03:42,1000.0,52.5,S
2021-06-11T14:03:41,900.0,52.5,S
2021-06-11T14:03:40,2100.0,52.5,S
2021-06-11T14:03:38,600.0,52.6,B
2021-06-11T14:03:31,2000.0,52.5,S
2021-06-11T14:03:26,300.0,52.5,S
2021-06-11T14:03:24,5000.0,52.5,S
2021-06-11T14:03:22,1500.0,52.6,B
2021-06-11T14:03:17,2000.0,52.6,B
2021-06-11T14:03:16,5000.0,52.6,B
2021-06-11T14:03:14,100.0,52.6,B
2021-06-11T14:03:14,5000.0,52.5,S
2021-06-11T14:03:09,100.0,52.5,S
2021-06-11T14:03:09,300.0,52.5,S
2021-06-11T14:03:09,3000.0,52.5,S
2021-06-11T14:03:05,18300.0,52.6,B
2021-06-11T14:03:05,3200.0,52.6,B
2021-06-11T14:03:05,2100.0,52.6,B
2021-06-11T14:03:05,1600.0,52.6,B
2021-06-11T14:03:05,15800.0,52.6,B
2021-06-11T14:03:03,2000.0,52.5,S
2021-06-11T14:03:03,100.0,52.6,B
2021-06-11T14:03:00,1000.0,52.6,B
2021-06-11T14:02:59,1000.0,52.6,B
2021-06-11T14:02:59,4500.0,52.5,S
2021-06-11T14:02:59,3000.0,52.5,S
2021-06-11T14:02:57,1600.0,52.5,S
2021-06-11T14:02:57,100.0,52.5,S
2021-06-11T14:02:56,1000.0,52.5,S
2021-06-11T14:02:56,600.0,52.5,S
2021-06-11T14:02:56,3200.0,52.5,S
2021-06-11T14:02:56,2500.0,52.5,S
2021-06-11T14:02:56,700.0,52.5,S
2021-06-11T14:02:56,500.0,52.5,S
2021-06-11T14:02:56,1800.0,52.5,S
2021-06-11T14:02:56,1000.0,52.5,S
2021-06-11T14:02:52,1200.0,52.5,S
2021-06-11T14:02:51,400.0,52.5,S
2021-06-11T14:02:51,1500.0,52.5,S
2021-06-11T14:02:51,500.0,52.5,S
2021-06-11T14:02:47,2000.0,52.5,S
2021-06-11T14:02:47,1400.0,52.5,S
2021-06-11T14:02:47,1600.0,52.5,S
2021-06-11T14:02:42,300.0,52.6,B
2021-06-11T14:02:40,600.0,52.5,S
2021-06-11T14:02:40,800.0,52.5,S
2021-06-11T14:02:40,2700.0,52.5,S
2021-06-11T14:02:40,900.0,52.5,S
2021-06-11T14:02:40,1000.0,52.5,S
2021-06-11T14:02:34,9200.0,52.5,S
2021-06-11T14:02:34,1000.0,52.5,S
2021-06-11T14:02:34,10500.0,52.5,S
2021-06-11T14:02:34,6000.0,52.5,S
2021-06-11T14:02:33,3000.0,52.5,S
2021-06-11T14:02:33,300.0,52.5,S
2021-06-11T14:02:33,500.0,52.5,S
2021-06-11T14:02:33,400.0,52.5,S
2021-06-11T14:02:33,1100.0,52.5,S
2021-06-11T14:02:29,100.0,52.5,S
2021-06-11T14:02:28,600.0,52.5,S
2021-06-11T14:02:26,5000.0,52.5,S
2021-06-11T14:02:26,100.0,52.5,S
2021-06-11T14:02:23,2000.0,52.5,S
2021-06-11T14:02:17,2000.0,52.5,S
2021-06-11T14:02:16,1000.0,52.5,S
2021-06-11T14:02:13,500.0,52.6,B
2021-06-11T14:02:12,500.0,52.5,S
2021-06-11T14:02:11,600.0,52.6,B
2021-06-11T14:02:10,3000.0,52.5,S
2021-06-11T14:02:09,100.0,52.5,S
2021-06-11T14:02:05,1500.0,52.5,S
2021-06-11T14:02:02,4600.0,52.5,S
2021-06-11T14:02:02,400.0,52.5,S
2021-06-11T14:01:55,4000.0,52.5,S
2021-06-11T14:01:55,1000.0,52.6,B
2021-06-11T14:01:46,2000.0,52.5,S
2021-06-11T14:01:42,5000.0,52.6,B
2021-06-11T14:01:39,3000.0,52.5,S
2021-06-11T14:01:39,400.0,52.5,S
2021-06-11T14:01:34,4500.0,52.5,S
2021-06-11T14:01:34,200.0,52.5,S
2021-06-11T14:01:34,1700.0,52.5,S
2021-06-11T14:01:34,3700.0,52.5,S
2021-06-11T14:01:33,600.0,52.6,B
2021-06-11T14:01:30,2000.0,52.5,S
2021-06-11T14:01:30,2000.0,52.6,B
2021-06-11T14:01:27,500.0,52.6,B
2021-06-11T14:01:24,2000.0,52.5,S
2021-06-11T14:01:22,500.0,52.6,B
2021-06-11T14:01:19,100.0,52.6,B
2021-06-11T14:01:19,600.0,52.6,B
2021-06-11T14:01:17,3000.0,52.5,S
2021-06-11T14:01:15,400.0,52.6,B
2021-06-11T14:01:12,1100.0,52.5,S
2021-06-11T14:01:11,3900.0,52.5,S
2021-06-11T14:01:10,400.0,52.6,B
2021-06-11T14:01:09,1000.0,52.6,B
2021-06-11T14:01:07,100.0,52.6,B
2021-06-11T14:01:06,100.0,52.6,B
2021-06-11T14:01:04,200.0,52.6,B
2021-06-11T14:01:04,100.0,52.6,B
2021-06-11T14:00:59,200.0,52.5,S
2021-06-11T14:00:57,2000.0,52.6,B
2021-06-11T14:00:57,200.0,52.6,B
2021-06-11T14:00:44,9000.0,52.6,B
2021-06-11T14:00:39,100.0,52.6,B
2021-06-11T14:00:36,1000.0,52.6,B
2021-06-11T14:00:35,5000.0,52.6,B
2021-06-11T14:00:35,100.0,52.5,S
2021-06-11T14:00:27,2000.0,52.6,B
2021-06-11T14:00:18,300.0,52.6,B
2021-06-11T14:00:12,3000.0,52.5,S
2021-06-11T14:00:07,300.0,52.6,B
2021-06-11T14:00:07,400.0,52.6,B
2021-06-11T14:00:00,2000.0,52.5,S
2021-06-11T13:59:55,200.0,52.6,B
2021-06-11T13:59:52,500.0,52.6,B
2021-06-11T13:59:49,4000.0,52.6,B
2021-06-11T13:59:39,400.0,52.6,B
2021-06-11T13:59:35,200.0,52.6,B
2021-06-11T13:59:27,3000.0,52.6,B
2021-06-11T13:59:25,1000.0,52.6,B
2021-06-11T13:59:24,100.0,52.6,B
2021-06-11T13:59:24,500.0,52.6,B
2021-06-11T13:59:23,100.0,52.6,B
2021-06-11T13:59:19,700.0,52.5,S
2021-06-11T13:59:19,800.0,52.5,S
2021-06-11T13:59:19,3700.0,52.5,S
2021-06-11T13:59:19,3600.0,52.5,S
2021-06-11T13:59:19,1200.0,52.5,S
2021-06-11T13:59:16,1400.0,52.6,B
2021-06-11T13:59:16,100.0,52.6,B
2021-06-11T13:59:15,500.0,52.6,B
2021-06-11T13:58:58,1000.0,52.6,B
2021-06-11T13:58:58,100.0,52.6,B
2021-06-11T13:58:58,100.0,52.6,B
2021-06-11T13:58:51,2100.0,52.6,B
2021-06-11T13:58:50,1000.0,52.6,B
2021-06-11T13:58:50,300.0,52.6,B
2021-06-11T13:58:50,3700.0,52.6,B
2021-06-11T13:58:50,2000.0,52.6,B
2021-06-11T13:58:50,900.0,52.6,B
2021-06-11T13:58:49,2000.0,52.6,B
2021-06-11T13:58:49,1300.0,52.6,B
2021-06-11T13:58:43,100.0,52.6,B
2021-06-11T13:58:35,1900.0,52.6,B
2021-06-11T13:58:34,500.0,52.6,B
2021-06-11T13:58:34,8000.0,52.6,B
2021-06-11T13:58:32,4700.0,52.6,B
2021-06-11T13:58:31,1000.0,52.5,S
2021-06-11T13:58:29,2500.0,52.6,B
2021-06-11T13:58:28,100.0,52.6,B
2021-06-11T13:58:27,200.0,52.6,B
2021-06-11T13:58:24,1000.0,52.5,S
2021-06-11T13:58:22,500.0,52.6,B
2021-06-11T13:58:19,300.0,52.6,B
2021-06-11T13:58:19,15000.0,52.6,B
2021-06-11T13:58:15,100.0,52.6,B
2021-06-11T13:58:04,100.0,52.6,B
2021-06-11T13:58:01,1100.0,52.6,B
2021-06-11T13:58:00,100.0,52.6,B
2021-06-11T13:57:58,2000.0,52.6,B
2021-06-11T13:57:57,1800.0,52.6,B
2021-06-11T13:57:52,2500.0,52.6,B
2021-06-11T13:57:47,100.0,52.6,B
2021-06-11T13:57:46,1800.0,52.6,B
2021-06-11T13:57:38,200.0,52.6,B
2021-06-11T13:57:38,2000.0,52.5,S
2021-06-11T13:57:34,100.0,52.6,B
2021-06-11T13:57:31,3000.0,52.5,S
2021-06-11T13:57:30,2000.0,52.6,B
2021-06-11T13:57:29,1000.0,52.5,S
2021-06-11T13:57:29,1000.0,52.6,B
2021-06-11T13:57:26,5000.0,52.5,S
2021-06-11T13:57:25,1500.0,52.6,B
2021-06-11T13:57:24,800.0,52.6,B
2021-06-11T13:57:23,1000.0,52.6,B
2021-06-11T13:57:20,2000.0,52.6,B
2021-06-11T13:57:20,300.0,52.6,B
2021-06-11T13:57:17,4000.0,52.5,S
2021-06-11T13:57:12,200.0,52.6,B
2021-06-11T13:57:10,700.0,52.6,B
2021-06-11T13:57:07,5000.0,52.5,S
2021-06-11T13:57:02,100.0,52.6,B
2021-06-11T13:57:01,400.0,52.6,B
2021-06-11T13:57:00,4000.0,52.5,S
2021-06-11T13:57:00,800.0,52.6,B
2021-06-11T13:56:58,100.0,52.6,B
2021-06-11T13:56:55,2000.0,52.5,S
2021-06-11T13:56:54,5000.0,52.7,B
2021-06-11T13:56:54,2900.0,52.5,S
2021-06-11T13:56:54,100.0,52.6,B
2021-06-11T13:56:53,100.0,52.6,B
2021-06-11T13:56:49,5000.0,52.5,S
2021-06-11T13:56:48,400.0,52.6,B
2021-06-11T13:56:45,5000.0,52.6,B
2021-06-11T13:56:44,3000.0,52.5,S
2021-06-11T13:56:39,200.0,52.6,B
2021-06-11T13:56:37,4000.0,52.5,S
2021-06-11T13:56:34,3300.0,52.6,B
2021-06-11T13:56:34,1000.0,52.6,B
2021-06-11T13:56:32,200.0,52.6,B
2021-06-11T13:56:32,2000.0,52.6,B
2021-06-11T13:56:27,5000.0,52.5,S
2021-06-11T13:56:27,2000.0,52.6,B
2021-06-11T13:56:20,2500.0,52.6,S
2021-06-11T13:56:18,1000.0,52.6,S
2021-06-11T13:56:18,2000.0,52.6,S
2021-06-11T13:56:18,60000.0,52.7,B
2021-06-11T13:56:18,500.0,52.6,S
2021-06-11T13:56:09,1000.0,52.6,S
2021-06-11T13:56:09,3000.0,52.6,S
2021-06-11T13:56:06,5000.0,52.7,B
2021-06-11T13:56:04,300.0,52.7,B
2021-06-11T13:56:04,300.0,52.6,S
2021-06-11T13:56:03,5000.0,52.6,S
2021-06-11T13:56:00,1300.0,52.6,S
2021-06-11T13:55:55,2000.0,52.6,S
2021-06-11T13:55:48,4000.0,52.6,S
2021-06-11T13:55:47,200.0,52.6,S
2021-06-11T13:55:45,500.0,52.6,S
2021-06-11T13:55:44,3000.0,52.6,S
2021-06-11T13:55:43,12000.0,52.7,B
2021-06-11T13:55:43,2000.0,52.6,S
2021-06-11T13:55:42,2300.0,52.6,S
2021-06-11T13:55:41,700.0,52.6,S
2021-06-11T13:55:41,200.0,52.7,B
2021-06-11T13:55:41,500.0,52.6,S
2021-06-11T13:55:37,800.0,52.6,S
2021-06-11T13:55:37,1500.0,52.6,S
2021-06-11T13:55:36,11500.0,52.6,S
2021-06-11T13:55:36,300.0,52.6,S
2021-06-11T13:55:34,200.0,52.6,S
2021-06-11T13:55:25,2000.0,52.6,S
2021-06-11T13:55:25,1000.0,52.7,B
2021-06-11T13:55:22,100.0,52.6,B
2021-06-11T13:55:16,2000.0,52.6,B
2021-06-11T13:55:11,3900.0,52.6,B
2021-06-11T13:55:10,800.0,52.6,B
2021-06-11T13:55:06,500.0,52.6,B
2021-06-11T13:55:05,4000.0,52.5,S
2021-06-11T13:54:55,5000.0,52.5,S
2021-06-11T13:54:52,300.0,52.5,S
2021-06-11T13:54:49,1700.0,52.5,S
2021-06-11T13:54:48,2300.0,52.5,S
2021-06-11T13:54:47,900.0,52.6,S
2021-06-11T13:54:44,50000.0,52.7,B
2021-06-11T13:54:42,1400.0,52.7,B
2021-06-11T13:54:40,200.0,52.6,B
2021-06-11T13:54:40,10000.0,52.6,B
2021-06-11T13:54:40,5000.0,52.5,S
2021-06-11T13:54:36,300.0,52.6,B
2021-06-11T13:54:36,100.0,52.5,S
2021-06-11T13:54:34,100.0,52.6,B
2021-06-11T13:54:33,5000.0,52.5,S
2021-06-11T13:54:32,5000.0,52.7,B
2021-06-11T13:54:30,8000.0,52.7,B
2021-06-11T13:54:27,1400.0,52.5,S
2021-06-11T13:54:27,1600.0,52.5,S
2021-06-11T13:54:26,16300.0,52.7,B
2021-06-11T13:54:26,3000.0,52.6,B
2021-06-11T13:54:25,17700.0,52.6,B
2021-06-11T13:54:22,2000.0,52.6,B
2021-06-11T13:54:21,100.0,52.6,B
2021-06-11T13:54:19,2000.0,52.5,S
2021-06-11T13:54:16,300.0,52.6,B
2021-06-11T13:54:11,4000.0,52.5,S
2021-06-11T13:54:04,1000.0,52.6,B
2021-06-11T13:54:04,300.0,52.5,S
2021-06-11T13:54:04,100.0,52.5,S
2021-06-11T13:54:04,2000.0,52.5,S
2021-06-11T13:54:02,1100.0,52.6,S
2021-06-11T13:53:57,2000.0,52.5,S
2021-06-11T13:53:57,400.0,52.5,S
2021-06-11T13:53:57,600.0,52.6,S
2021-06-11T13:53:55,400.0,52.6,S
2021-06-11T13:53:49,5500.0,52.5,S
2021-06-11T13:53:49,500.0,52.5,S
2021-06-11T13:53:49,500.0,52.6,S
2021-06-11T13:53:48,200.0,52.6,S
2021-06-11T13:53:48,200.0,52.6,S
2021-06-11T13:53:47,100.0,52.6,S
2021-06-11T13:53:46,100.0,52.6,S
2021-06-11T13:53:45,100.0,52.7,B
2021-06-11T13:53:43,5000.0,52.5,S
2021-06-11T13:53:43,18000.0,52.5,S
2021-06-11T13:53:42,2000.0,52.7,B
2021-06-11T13:53:42,19500.0,52.5,S
2021-06-11T13:53:42,25400.0,52.5,S
2021-06-11T13:53:40,1000.0,52.6,S
2021-06-11T13:53:38,3000.0,52.5,S
2021-06-11T13:53:38,2000.0,52.6,S
2021-06-11T13:53:37,200.0,52.6,S
2021-06-11T13:53:36,800.0,52.6,S
2021-06-11T13:53:34,1000.0,52.6,S
2021-06-11T13:53:32,100.0,52.6,S
2021-06-11T13:53:29,3200.0,52.7,B
2021-06-11T13:53:23,5000.0,52.6,B
2021-06-11T13:53:22,2600.0,52.6,B
2021-06-11T13:53:20,2600.0,52.6,B
2021-06-11T13:53:20,400.0,52.6,B
2021-06-11T13:53:19,600.0,52.6,B
2021-06-11T13:53:18,1000.0,52.5,S
2021-06-11T13:53:17,10400.0,52.6,B
2021-06-11T13:53:17,900.0,52.6,B
2021-06-11T13:53:17,1000.0,52.6,B
2021-06-11T13:53:16,700.0,52.5,S
2021-06-11T13:53:16,1800.0,52.5,S
2021-06-11T13:53:16,300.0,52.5,S
2021-06-11T13:53:16,200.0,52.5,S
2021-06-11T13:53:16,300.0,52.5,S
2021-06-11T13:53:16,3300.0,52.5,S
2021-06-11T13:53:16,2800.0,52.5,S
2021-06-11T13:53:16,300.0,52.5,S
2021-06-11T13:53:16,300.0,52.5,S
2021-06-11T13:53:16,2800.0,52.5,S
2021-06-11T13:53:16,500.0,52.5,S
2021-06-11T13:53:16,4900.0,52.5,S
2021-06-11T13:53:16,1800.0,52.5,S
2021-06-11T13:53:13,2200.0,52.5,S
2021-06-11T13:53:07,300.0,52.5,S
2021-06-11T13:53:04,5000.0,52.5,S
2021-06-11T13:53:04,500.0,52.6,B
2021-06-11T13:52:58,5000.0,52.5,S
2021-06-11T13:52:57,500.0,52.6,B
2021-06-11T13:52:56,200.0,52.6,B
2021-06-11T13:52:55,3000.0,52.6,B
2021-06-11T13:52:54,500.0,52.6,B
2021-06-11T13:52:53,500.0,52.6,B
2021-06-11T13:52:53,2000.0,52.6,B
2021-06-11T13:52:52,5500.0,52.5,S
2021-06-11T13:52:49,2000.0,52.6,B
2021-06-11T13:52:48,500.0,52.6,B
2021-06-11T13:52:47,15000.0,52.6,B
2021-06-11T13:52:44,200.0,52.6,B
2021-06-11T13:52:42,5000.0,52.5,S
2021-06-11T13:52:39,800.0,52.6,B
2021-06-11T13:52:36,100.0,52.6,B
2021-06-11T13:52:35,200.0,52.6,B
2021-06-11T13:52:35,1000.0,52.6,B
2021-06-11T13:52:34,5000.0,52.5,S
2021-06-11T13:52:33,3700.0,52.6,B
2021-06-11T13:52:33,700.0,52.6,B
2021-06-11T13:52:32,1100.0,52.6,B
2021-06-11T13:52:31,500.0,52.6,B
2021-06-11T13:52:28,1000.0,52.6,B
2021-06-11T13:52:28,1900.0,52.5,S
2021-06-11T13:52:28,100.0,52.5,S
2021-06-11T13:52:28,2000.0,52.5,S
2021-06-11T13:52:28,400.0,52.6,B
2021-06-11T13:52:27,100.0,52.6,B
2021-06-11T13:52:23,3000.0,52.6,B
2021-06-11T13:52:21,1600.0,52.6,B
2021-06-11T13:52:21,500.0,52.6,B
2021-06-11T13:52:20,5000.0,52.5,S
2021-06-11T13:52:17,14600.0,52.5,S
2021-06-11T13:52:17,5400.0,52.5,S
2021-06-11T13:52:16,1200.0,52.6,B
2021-06-11T13:52:16,3000.0,52.6,B
2021-06-11T13:52:16,9500.0,52.6,B
2021-06-11T13:52:16,2000.0,52.6,B
2021-06-11T13:52:16,300.0,52.6,B
2021-06-11T13:52:16,3000.0,52.6,B
2021-06-11T13:52:15,3000.0,52.5,S
2021-06-11T13:52:15,400.0,52.6,B
2021-06-11T13:52:13,500.0,52.6,B
2021-06-11T13:52:11,3000.0,52.6,B
2021-06-11T13:52:09,200.0,52.6,B
2021-06-11T13:52:08,2800.0,52.6,B
2021-06-11T13:52:08,1900.0,52.6,B
2021-06-11T13:52:08,300.0,52.6,B
2021-06-11T13:52:08,4500.0,52.5,S
2021-06-11T13:52:07,500.0,52.5,S
2021-06-11T13:52:06,100.0,52.6,B
2021-06-11T13:52:06,600.0,52.6,B
2021-06-11T13:52:06,400.0,52.6,B
2021-06-11T13:52:02,4000.0,52.5,S
2021-06-11T13:52:00,200.0,52.6,B
2021-06-11T13:51:59,1000.0,52.6,B
2021-06-11T13:51:56,200.0,52.6,B
2021-06-11T13:51:56,2000.0,52.5,S
2021-06-11T13:51:55,1000.0,52.6,B
2021-06-11T13:51:54,500.0,52.6,B
2021-06-11T13:51:53,100.0,52.6,B
2021-06-11T13:51:52,7700.0,52.6,B
2021-06-11T13:51:52,2300.0,52.6,B
2021-06-11T13:51:52,3000.0,52.6,B
2021-06-11T13:51:50,3000.0,52.5,S
2021-06-11T13:51:50,1000.0,52.5,S
2021-06-11T13:51:47,500.0,52.6,B
2021-06-11T13:51:47,1000.0,52.6,B
2021-06-11T13:51:46,500.0,52.6,B
2021-06-11T13:51:45,500.0,52.6,B
2021-06-11T13:51:45,1500.0,52.5,S
2021-06-11T13:51:45,300.0,52.5,S
2021-06-11T13:51:45,2200.0,52.5,S
2021-06-11T13:51:43,300.0,52.6,B
2021-06-11T13:51:41,1000.0,52.6,B
2021-06-11T13:51:40,2000.0,52.6,B
2021-06-11T13:51:38,200.0,52.6,B
2021-06-11T13:51:38,1500.0,52.6,B
2021-06-11T13:51:37,300.0,52.6,B
2021-06-11T13:51:37,3000.0,52.5,S
2021-06-11T13:51:36,400.0,52.6,B
2021-06-11T13:51:34,500.0,52.6,B
2021-06-11T13:51:34,300.0,52.6,B
2021-06-11T13:51:34,800.0,52.6,B
2021-06-11T13:51:33,300.0,52.6,B
2021-06-11T13:51:29,20500.0,52.6,B
2021-06-11T13:51:26,500.0,52.6,B
2021-06-11T13:51:25,3000.0,52.5,S
2021-06-11T13:51:15,2000.0,52.6,B
2021-06-11T13:51:15,4000.0,52.5,S
2021-06-11T13:51:15,4000.0,52.6,B
2021-06-11T13:51:14,200.0,52.6,B
2021-06-11T13:51:13,100.0,52.6,B
2021-06-11T13:51:10,1000.0,52.6,B
2021-06-11T13:51:08,2000.0,52.5,S
2021-06-11T13:51:07,19000.0,52.6,B
2021-06-11T13:51:05,500.0,52.6,B
2021-06-11T13:51:03,2000.0,52.6,B
2021-06-11T13:51:02,300.0,52.6,B
2021-06-11T13:51:01,1600.0,52.6,B
2021-06-11T13:51:00,4000.0,52.5,S
2021-06-11T13:50:58,5000.0,52.6,B
2021-06-11T13:50:56,1000.0,52.5,S
2021-06-11T13:50:53,3700.0,52.6,B
2021-06-11T13:50:53,700.0,52.5,S
2021-06-11T13:50:53,1400.0,52.5,S
2021-06-11T13:50:53,5700.0,52.6,B
2021-06-11T13:50:52,1000.0,52.6,B
2021-06-11T13:50:49,6000.0,52.6,B
2021-06-11T13:50:46,2000.0,52.5,S
2021-06-11T13:50:41,200.0,52.6,B
2021-06-11T13:50:40,300.0,52.5,S
2021-06-11T13:50:39,500.0,52.6,B
2021-06-11T13:50:37,5000.0,52.5,S
2021-06-11T13:50:35,1000.0,52.6,B
2021-06-11T13:50:32,500.0,52.5,S
2021-06-11T13:50:30,5000.0,52.5,S
2021-06-11T13:50:28,200.0,52.6,B
2021-06-11T13:50:26,500.0,52.5,S
2021-06-11T13:50:22,5000.0,52.5,S
2021-06-11T13:50:16,500.0,52.6,B
2021-06-11T13:50:14,6000.0,52.5,S
2021-06-11T13:50:13,2000.0,52.5,S
2021-06-11T13:50:04,100.0,52.5,S
2021-06-11T13:50:04,5000.0,52.5,S
2021-06-11T13:50:04,500.0,52.6,B
2021-06-11T13:50:01,5000.0,52.6,B
2021-06-11T13:50:01,1400.0,52.6,B
2021-06-11T13:49:58,200.0,52.6,B
2021-06-11T13:49:55,2000.0,52.5,S
2021-06-11T13:49:55,500.0,52.5,S
2021-06-11T13:49:52,1300.0,52.6,B
2021-06-11T13:49:51,1000.0,52.6,B
2021-06-11T13:49:50,500.0,52.5,S
2021-06-11T13:49:48,500.0,52.6,B
2021-06-11T13:49:48,4000.0,52.5,S
2021-06-11T13:49:47,14100.0,52.6,B
2021-06-11T13:49:42,3700.0,52.6,B
2021-06-11T13:49:42,2000.0,52.5,S
2021-06-11T13:49:41,1500.0,52.6,B
2021-06-11T13:49:40,1000.0,52.6,B
2021-06-11T13:49:39,3000.0,52.6,B
2021-06-11T13:49:37,5000.0,52.6,B
2021-06-11T13:49:36,4000.0,52.5,S
2021-06-11T13:49:35,1000.0,52.6,B
2021-06-11T13:49:34,1200.0,52.6,B
2021-06-11T13:49:32,1000.0,52.6,B
2021-06-11T13:49:31,1000.0,52.6,B
2021-06-11T13:49:30,4000.0,52.5,S
2021-06-11T13:49:27,1600.0,52.5,S
2021-06-11T13:49:23,3000.0,52.5,S
2021-06-11T13:49:21,100.0,52.6,B
2021-06-11T13:49:21,100.0,52.6,B
2021-06-11T13:49:19,5000.0,52.6,B
2021-06-11T13:49:19,1000.0,52.5,S
2021-06-11T13:49:17,1000.0,52.6,B
2021-06-11T13:49:17,200.0,52.5,S
2021-06-11T13:49:14,3000.0,52.5,S
2021-06-11T13:49:14,1500.0,52.6,B
2021-06-11T13:49:09,3000.0,52.5,S
2021-06-11T13:49:07,200.0,52.5,S
2021-06-11T13:49:03,2000.0,52.6,B
2021-06-11T13:49:03,13300.0,52.6,B
2021-06-11T13:49:01,500.0,52.6,B
2021-06-11T13:49:01,300.0,52.6,B
2021-06-11T13:49:01,4200.0,52.6,B
2021-06-11T13:48:59,4000.0,52.5,B
2021-06-11T13:48:56,700.0,52.5,B
2021-06-11T13:48:55,1000.0,52.6,B
2021-06-11T13:48:52,4000.0,52.5,B
2021-06-11T13:48:50,5000.0,52.6,B
2021-06-11T13:48:45,1100.0,52.6,B
2021-06-11T13:48:45,3000.0,52.5,B
2021-06-11T13:48:42,200.0,52.6,B
2021-06-11T13:48:42,2800.0,52.6,B
2021-06-11T13:48:41,18700.0,52.6,B
2021-06-11T13:48:41,500.0,52.6,B
2021-06-11T13:48:38,3800.0,52.5,B
2021-06-11T13:48:38,5800.0,52.5,B
2021-06-11T13:48:37,500.0,52.5,B
2021-06-11T13:48:33,44100.0,52.5,B
2021-06-11T13:48:32,2000.0,52.5,B
2021-06-11T13:48:29,2800.0,52.6,B
2021-06-11T13:48:29,1000.0,52.5,B
2021-06-11T13:48:28,1000.0,52.6,B
2021-06-11T13:48:28,100.0,52.5,B
2021-06-11T13:48:27,9300.0,52.6,B
2021-06-11T13:48:27,1600.0,52.6,B
2021-06-11T13:48:26,2000.0,52.5,B
2021-06-11T13:48:26,5000.0,52.6,B
2021-06-11T13:48:25,1000.0,52.6,B
2021-06-11T13:48:25,200.0,52.5,B
2021-06-11T13:48:25,2800.0,52.6,B
2021-06-11T13:48:24,200.0,52.5,B
2021-06-11T13:48:23,1200.0,52.5,B
2021-06-11T13:48:23,800.0,52.5,B
2021-06-11T13:48:22,700.0,52.5,B
2021-06-11T13:48:22,900.0,52.5,B
2021-06-11T13:48:22,3000.0,52.5,B
2021-06-11T13:48:21,100.0,52.5,B
2021-06-11T13:48:21,2800.0,52.5,B
2021-06-11T13:48:19,100.0,52.5,B
2021-06-11T13:48:17,2000.0,52.4,S
2021-06-11T13:48:17,200.0,52.5,B
2021-06-11T13:48:14,1300.0,52.5,B
2021-06-11T13:48:14,700.0,52.5,B
2021-06-11T13:48:13,800.0,52.5,B
2021-06-11T13:48:13,1000.0,52.5,B
2021-06-11T13:48:13,1300.0,52.5,B
2021-06-11T13:48:12,100.0,52.5,B
2021-06-11T13:48:12,5000.0,52.4,S
2021-06-11T13:48:11,500.0,52.5,B
2021-06-11T13:48:09,300.0,52.5,B
2021-06-11T13:48:07,2800.0,52.5,B
2021-06-11T13:48:06,1000.0,52.5,B
2021-06-11T13:48:05,1000.0,52.5,B
2021-06-11T13:48:05,4000.0,52.4,S
2021-06-11T13:48:05,600.0,52.5,B
2021-06-11T13:48:05,11900.0,52.5,B
2021-06-11T13:48:04,100.0,52.5,B
2021-06-11T13:47:59,1600.0,52.5,B
2021-06-11T13:47:59,1100.0,52.5,B
2021-06-11T13:47:59,4000.0,52.5,B
2021-06-11T13:47:59,500.0,52.5,B
2021-06-11T13:47:59,3000.0,52.5,B
2021-06-11T13:47:58,1700.0,52.5,B
2021-06-11T13:47:55,300.0,52.5,B
2021-06-11T13:47:55,3000.0,52.4,S
2021-06-11T13:47:55,1000.0,52.5,B
2021-06-11T13:47:50,1800.0,52.5,B
2021-06-11T13:47:50,300.0,52.5,B
2021-06-11T13:47:50,4900.0,52.5,B
2021-06-11T13:47:47,2500.0,52.4,S
2021-06-11T13:47:47,200.0,52.5,B
2021-06-11T13:47:45,1200.0,52.5,B
2021-06-11T13:47:45,1800.0,52.5,B
2021-06-11T13:47:43,10000.0,52.5,B
2021-06-11T13:47:37,2000.0,52.4,S
2021-06-11T13:47:36,100.0,52.5,B
2021-06-11T13:47:35,1000.0,52.5,B
2021-06-11T13:47:33,100.0,52.5,B
2021-06-11T13:47:30,2000.0,52.5,B
2021-06-11T13:47:29,5000.0,52.4,S
2021-06-11T13:47:25,3000.0,52.4,S
2021-06-11T13:47:22,1000.0,52.5,B
2021-06-11T13:47:21,500.0,52.5,B
2021-06-11T13:47:21,2100.0,52.5,B
2021-06-11T13:47:20,100.0,52.5,B
2021-06-11T13:47:20,4000.0,52.4,S
2021-06-11T13:47:19,1000.0,52.4,S
2021-06-11T13:47:19,3000.0,52.5,B
2021-06-11T13:47:15,2000.0,52.5,B
2021-06-11T13:47:15,1000.0,52.5,B
2021-06-11T13:47:14,2800.0,52.5,B
2021-06-11T13:47:12,15900.0,52.4,S
2021-06-11T13:47:12,200.0,52.4,S
2021-06-11T13:47:10,2800.0,52.5,B
2021-06-11T13:47:07,5000.0,52.5,B
2021-06-11T13:47:06,4000.0,52.4,S
2021-06-11T13:47:06,1000.0,52.5,B
2021-06-11T13:47:05,2800.0,52.5,B
2021-06-11T13:47:02,100.0,52.4,B
2021-06-11T13:47:01,2800.0,52.5,B
2021-06-11T13:47:01,1000.0,52.5,B
2021-06-11T13:46:58,3000.0,52.4,B
2021-06-11T13:46:58,800.0,52.4,B
2021-06-11T13:46:56,4800.0,52.5,B
2021-06-11T13:46:55,15000.0,52.5,B
2021-06-11T13:46:54,4000.0,52.4,B
2021-06-11T13:46:52,200.0,52.5,B
2021-06-11T13:46:51,2800.0,52.5,B
2021-06-11T13:46:48,1100.0,52.4,B
2021-06-11T13:46:48,4000.0,52.3,S
2021-06-11T13:46:47,400.0,52.3,S
2021-06-11T13:46:46,2800.0,52.4,B
2021-06-11T13:46:44,100.0,52.4,B
2021-06-11T13:46:41,1000.0,52.5,B
2021-06-11T13:46:41,5000.0,52.3,S
2021-06-11T13:46:40,2800.0,52.4,B
2021-06-11T13:46:37,300.0,52.4,B
2021-06-11T13:46:36,4000.0,52.4,B
2021-06-11T13:46:36,7600.0,52.4,B
2021-06-11T13:46:36,10000.0,52.4,B
2021-06-11T13:46:35,200.0,52.3,S
2021-06-11T13:46:34,500.0,52.3,S
2021-06-11T13:46:33,2000.0,52.3,S
2021-06-11T13:46:32,700.0,52.3,S
2021-06-11T13:46:29,1300.0,52.4,B
2021-06-11T13:46:28,1000.0,52.3,S
2021-06-11T13:46:28,3000.0,52.3,S
2021-06-11T13:46:27,1000.0,52.4,B
2021-06-11T13:46:25,300.0,52.3,S
2021-06-11T13:46:24,400.0,52.4,B
2021-06-11T13:46:20,1000.0,52.3,S
2021-06-11T13:46:19,300.0,52.4,B
2021-06-11T13:46:18,1100.0,52.3,S
2021-06-11T13:46:18,600.0,52.3,S
2021-06-11T13:46:18,3300.0,52.3,S
2021-06-11T13:46:15,100.0,52.4,B
2021-06-11T13:46:13,500.0,52.4,B
2021-06-11T13:46:13,4000.0,52.3,S
2021-06-11T13:46:11,1000.0,52.3,S
2021-06-11T13:46:09,2000.0,52.4,B
2021-06-11T13:46:07,4000.0,52.3,B
2021-06-11T13:46:06,5000.0,52.4,B
2021-06-11T13:46:05,4000.0,52.3,B
2021-06-11T13:46:03,1700.0,52.4,B
2021-06-11T13:45:59,5000.0,52.3,B
2021-06-11T13:45:58,2000.0,52.4,B
2021-06-11T13:45:57,10900.0,52.4,B
2021-06-11T13:45:57,500.0,52.3,B
2021-06-11T13:45:56,3000.0,52.3,B
2021-06-11T13:45:54,34900.0,52.3,B
2021-06-11T13:45:54,300.0,52.3,B
2021-06-11T13:45:54,100.0,52.3,B
2021-06-11T13:45:53,100.0,52.3,B
2021-06-11T13:45:53,1000.0,52.2,S
2021-06-11T13:45:52,500.0,52.3,B
2021-06-11T13:45:52,11000.0,52.3,B
2021-06-11T13:45:52,3100.0,52.3,B
2021-06-11T13:45:49,2000.0,52.3,B
2021-06-11T13:45:49,5000.0,52.4,B
2021-06-11T13:45:49,100.0,52.4,B
2021-06-11T13:45:48,1000.0,52.4,B
2021-06-11T13:45:45,500.0,52.3,B
2021-06-11T13:45:45,400.0,52.3,B
2021-06-11T13:45:44,2000.0,52.3,B
2021-06-11T13:45:41,2500.0,52.4,B
2021-06-11T13:45:40,1800.0,52.4,B
2021-06-11T13:45:40,200.0,52.3,B
2021-06-11T13:45:39,3000.0,52.2,S
2021-06-11T13:45:39,300.0,52.3,B
2021-06-11T13:45:39,200.0,52.3,B
2021-06-11T13:45:39,5000.0,52.2,S
2021-06-11T13:45:39,1000.0,52.3,B
2021-06-11T13:45:38,1100.0,52.3,B
2021-06-11T13:45:31,1000.0,52.3,B
2021-06-11T13:45:31,200.0,52.3,B
2021-06-11T13:45:30,2500.0,52.3,B
2021-06-11T13:45:29,1000.0,52.3,B
2021-06-11T13:45:29,5500.0,52.3,B
2021-06-11T13:45:27,3000.0,52.2,S
2021-06-11T13:45:26,2500.0,52.3,B
2021-06-11T13:45:25,3000.0,52.2,S
2021-06-11T13:45:24,200.0,52.3,B
2021-06-11T13:45:24,2000.0,52.3,B
2021-06-11T13:45:23,43400.0,52.3,B
2021-06-11T13:45:23,10900.0,52.3,B
2021-06-11T13:45:23,100.0,52.3,B
2021-06-11T13:45:20,6500.0,52.2,S
2021-06-11T13:45:19,7000.0,52.3,B
2021-06-11T13:45:18,5000.0,52.3,B
2021-06-11T13:45:17,1500.0,52.3,B
2021-06-11T13:45:17,200.0,52.3,B
2021-06-11T13:45:16,200.0,52.3,B
2021-06-11T13:45:16,6000.0,52.3,B
2021-06-11T13:45:15,2500.0,52.3,B
2021-06-11T13:45:14,500.0,52.3,B
2021-06-11T13:45:13,53000.0,52.3,B
2021-06-11T13:45:13,9000.0,52.3,B
2021-06-11T13:45:12,500.0,52.3,B
2021-06-11T13:45:09,2000.0,52.2,S
2021-06-11T13:45:08,3000.0,52.3,B
2021-06-11T13:45:08,5000.0,52.3,B
2021-06-11T13:45:08,200.0,52.3,B
2021-06-11T13:45:07,2600.0,52.3,B
2021-06-11T13:45:05,5000.0,52.2,S
2021-06-11T13:45:04,500.0,52.3,B
2021-06-11T13:45:02,2200.0,52.3,B
2021-06-11T13:45:01,2500.0,52.3,B
2021-06-11T13:45:00,5000.0,52.3,B
2021-06-11T13:44:59,300.0,52.3,B
2021-06-11T13:44:59,2000.0,52.2,S
2021-06-11T13:44:58,200.0,52.3,B
2021-06-11T13:44:58,1000.0,52.3,B
2021-06-11T13:44:57,1000.0,52.3,B
2021-06-11T13:44:56,11600.0,52.3,B
2021-06-11T13:44:56,500.0,52.3,B
2021-06-11T13:44:54,2500.0,52.4,B
2021-06-11T13:44:53,30000.0,52.2,S
2021-06-11T13:44:52,2000.0,52.3,B
2021-06-11T13:44:47,300.0,52.3,B
2021-06-11T13:44:47,5000.0,52.3,B
2021-06-11T13:44:46,1000.0,52.3,B
2021-06-11T13:44:46,7600.0,52.3,B
2021-06-11T13:44:46,100.0,52.3,B
2021-06-11T13:44:45,2000.0,52.2,S
2021-06-11T13:44:45,200.0,52.3,B
2021-06-11T13:44:44,3000.0,52.3,B
2021-06-11T13:44:44,200.0,52.3,B
2021-06-11T13:44:44,2500.0,52.3,B
2021-06-11T13:44:42,500.0,52.3,B
2021-06-11T13:44:38,500.0,52.2,S
2021-06-11T13:44:37,24000.0,52.3,B
2021-06-11T13:44:37,3000.0,52.2,S
2021-06-11T13:44:37,700.0,52.3,B
2021-06-11T13:44:36,100.0,52.3,B
2021-06-11T13:44:36,6100.0,52.3,B
2021-06-11T13:44:35,500.0,52.3,B
2021-06-11T13:44:34,200.0,52.3,B
2021-06-11T13:44:34,200.0,52.3,B
2021-06-11T13:44:32,200.0,52.3,B
2021-06-11T13:44:30,4700.0,52.2,S
2021-06-11T13:44:30,2100.0,52.2,S
2021-06-11T13:44:30,200.0,52.2,S
2021-06-11T13:44:30,4100.0,52.2,S
2021-06-11T13:44:30,3900.0,52.2,S
2021-06-11T13:44:29,7600.0,52.3,B
2021-06-11T13:44:29,800.0,52.3,B
2021-06-11T13:44:26,700.0,52.3,B
2021-06-11T13:44:23,3300.0,52.2,S
2021-06-11T13:44:23,300.0,52.2,S
2021-06-11T13:44:23,1400.0,52.2,S
2021-06-11T13:44:23,10900.0,52.3,B
2021-06-11T13:44:22,2000.0,52.3,B
2021-06-11T13:44:19,5000.0,52.3,B
2021-06-11T13:44:11,4000.0,52.3,B
2021-06-11T13:44:11,500.0,52.3,B
2021-06-11T13:44:09,500.0,52.3,B
2021-06-11T13:44:07,100.0,52.3,B
2021-06-11T13:44:07,200.0,52.3,B
2021-06-11T13:44:05,300.0,52.3,B
2021-06-11T13:44:04,100.0,52.3,B
2021-06-11T13:44:04,4000.0,52.2,S
2021-06-11T13:44:03,1000.0,52.2,S
2021-06-11T13:44:02,1000.0,52.3,B
2021-06-11T13:43:59,500.0,52.3,B
2021-06-11T13:43:56,100.0,52.3,B
2021-06-11T13:43:55,2000.0,52.3,S
2021-06-11T13:43:53,1400.0,52.2,S
2021-06-11T13:43:53,1600.0,52.2,S
2021-06-11T13:43:52,300.0,52.3,S
2021-06-11T13:43:51,1000.0,52.3,S
2021-06-11T13:43:49,5000.0,52.3,S
2021-06-11T13:43:48,3000.0,52.3,S
2021-06-11T13:43:48,1000.0,52.3,S
2021-06-11T13:43:48,2700.0,52.3,S
2021-06-11T13:43:48,400.0,52.3,S
2021-06-11T13:43:46,900.0,52.3,S
2021-06-11T13:43:46,100.0,52.3,S
2021-06-11T13:43:46,2000.0,52.3,S
2021-06-11T13:43:43,6100.0,52.3,S
2021-06-11T13:43:42,300.0,52.4,B
2021-06-11T13:43:41,400.0,52.4,B
2021-06-11T13:43:39,2000.0,52.3,S
2021-06-11T13:43:37,10300.0,52.4,B
2021-06-11T13:43:37,100.0,52.3,S
2021-06-11T13:43:37,200.0,52.3,S
2021-06-11T13:43:36,700.0,52.3,S
2021-06-11T13:43:36,1600.0,52.3,S
2021-06-11T13:43:36,400.0,52.3,S
2021-06-11T13:43:36,1600.0,52.3,S
2021-06-11T13:43:36,7000.0,52.3,S
2021-06-11T13:43:36,700.0,52.3,S
2021-06-11T13:43:36,6100.0,52.3,S
2021-06-11T13:43:33,1500.0,52.4,B
2021-06-11T13:43:32,400.0,52.3,S
2021-06-11T13:43:32,3700.0,52.3,S
2021-06-11T13:43:32,900.0,52.3,S
2021-06-11T13:43:31,2000.0,52.4,B
2021-06-11T13:43:29,11800.0,52.4,B
2021-06-11T13:43:29,8200.0,52.4,B
2021-06-11T13:43:26,1600.0,52.3,S
2021-06-11T13:43:26,500.0,52.3,S
2021-06-11T13:43:26,1000.0,52.3,S
2021-06-11T13:43:26,2500.0,52.3,S
2021-06-11T13:43:26,11100.0,52.3,S
2021-06-11T13:43:26,300.0,52.3,S
2021-06-11T13:43:26,3000.0,52.3,S
2021-06-11T13:43:26,1000.0,52.4,B
2021-06-11T13:43:26,300.0,52.3,S
2021-06-11T13:43:25,2700.0,52.3,S
2021-06-11T13:43:24,200.0,52.4,B
2021-06-11T13:43:23,200.0,52.4,B
2021-06-11T13:43:23,2000.0,52.4,B
2021-06-11T13:43:20,600.0,52.3,S
2021-06-11T13:43:20,200.0,52.3,S
2021-06-11T13:43:19,4200.0,52.3,S
2021-06-11T13:43:17,100.0,52.3,S
2021-06-11T13:43:12,5100.0,52.4,B
2021-06-11T13:43:10,1000.0,52.4,B
2021-06-11T13:43:09,2000.0,52.4,B
2021-06-11T13:43:09,3000.0,52.4,B
2021-06-11T13:43:06,4200.0,52.3,S
2021-06-11T13:43:05,300.0,52.4,B
2021-06-11T13:43:04,5300.0,52.4,B
2021-06-11T13:43:02,4000.0,52.4,B
2021-06-11T13:43:00,2500.0,52.3,S
2021-06-11T13:43:00,2500.0,52.3,S
2021-06-11T13:42:57,200.0,52.3,S
2021-06-11T13:42:53,10000.0,52.3,S
2021-06-11T13:42:50,100.0,52.4,B
2021-06-11T13:42:49,2000.0,52.3,S
2021-06-11T13:42:43,1000.0,52.4,B
2021-06-11T13:42:42,3000.0,52.3,S
2021-06-11T13:42:41,1000.0,52.4,B
2021-06-11T13:42:40,500.0,52.3,S
2021-06-11T13:42:39,200.0,52.3,S
2021-06-11T13:42:37,6300.0,52.4,B
2021-06-11T13:42:36,2400.0,52.3,S
2021-06-11T13:42:36,600.0,52.3,S
2021-06-11T13:42:35,500.0,52.4,B
2021-06-11T13:42:34,3000.0,52.3,S
2021-06-11T13:42:27,1000.0,52.4,B
2021-06-11T13:42:27,4000.0,52.3,S
2021-06-11T13:42:23,500.0,52.4,B
2021-06-11T13:42:23,1000.0,52.4,B
2021-06-11T13:42:22,3000.0,52.3,S
2021-06-11T13:42:18,400.0,52.4,B
2021-06-11T13:42:14,500.0,52.4,S
2021-06-11T13:42:13,5100.0,52.3,S
2021-06-11T13:42:12,500.0,52.4,S
2021-06-11T13:42:08,2000.0,52.3,S
2021-06-11T13:42:07,100.0,52.4,S
2021-06-11T13:42:06,2000.0,52.4,S
2021-06-11T13:42:05,200.0,52.4,S
2021-06-11T13:42:04,2000.0,52.4,S
2021-06-11T13:42:01,4000.0,52.3,S
2021-06-11T13:41:59,400.0,52.3,S
2021-06-11T13:41:56,2200.0,52.4,S
2021-06-11T13:41:55,4000.0,52.3,S
2021-06-11T13:41:55,400.0,52.4,S
2021-06-11T13:41:54,100.0,52.4,S
2021-06-11T13:41:53,2900.0,52.4,S
2021-06-11T13:41:53,2000.0,52.4,S
2021-06-11T13:41:53,100.0,52.4,S
2021-06-11T13:41:53,4500.0,52.4,S
2021-06-11T13:41:53,4300.0,52.4,S
2021-06-11T13:41:53,1900.0,52.4,S
2021-06-11T13:41:53,2000.0,52.4,S
2021-06-11T13:41:53,18500.0,52.4,S
2021-06-11T13:41:52,300.0,52.4,S
2021-06-11T13:41:49,200.0,52.5,B
2021-06-11T13:41:47,2200.0,52.4,S
2021-06-11T13:41:47,1100.0,52.4,S
2021-06-11T13:41:47,500.0,52.4,S
2021-06-11T13:41:47,1000.0,52.4,S
2021-06-11T13:41:47,200.0,52.4,S
2021-06-11T13:41:45,200.0,52.5,B
2021-06-11T13:41:44,2200.0,52.5,B
2021-06-11T13:41:43,100.0,52.5,B
2021-06-11T13:41:42,1900.0,52.4,S
2021-06-11T13:41:41,100.0,52.4,S
2021-06-11T13:41:41,3000.0,52.4,S
2021-06-11T13:41:41,1800.0,52.4,S
2021-06-11T13:41:41,600.0,52.4,S
2021-06-11T13:41:40,4100.0,52.4,S
2021-06-11T13:41:39,5000.0,52.4,S
2021-06-11T13:41:39,300.0,52.5,B
2021-06-11T13:41:38,1000.0,52.4,S
2021-06-11T13:41:31,3000.0,52.4,S
2021-06-11T13:41:30,1700.0,52.5,B
2021-06-11T13:41:28,200.0,52.4,S
2021-06-11T13:41:23,600.0,52.4,S
2021-06-11T13:41:23,3400.0,52.4,S
2021-06-11T13:41:21,1000.0,52.5,B
2021-06-11T13:41:20,100.0,52.5,B
2021-06-11T13:41:18,3000.0,52.4,S
2021-06-11T13:41:14,500.0,52.5,S
2021-06-11T13:41:13,1000.0,52.5,S
2021-06-11T13:41:12,2300.0,52.4,S
2021-06-11T13:41:12,200.0,52.4,S
2021-06-11T13:41:12,1500.0,52.4,S
2021-06-11T13:41:10,5000.0,52.5,S
2021-06-11T13:41:10,100.0,52.5,S
2021-06-11T13:41:09,500.0,52.5,S
2021-06-11T13:41:08,1200.0,52.4,S
2021-06-11T13:41:08,1300.0,52.4,S
2021-06-11T13:41:08,100.0,52.4,S
2021-06-11T13:41:08,400.0,52.4,S
2021-06-11T13:41:07,200.0,52.5,S
2021-06-11T13:41:07,1000.0,52.5,S
2021-06-11T13:41:06,800.0,52.5,S
2021-06-11T13:41:03,4000.0,52.4,S
2021-06-11T13:41:03,100.0,52.5,S
2021-06-11T13:41:00,500.0,52.5,S
2021-06-11T13:40:59,1000.0,52.5,S
2021-06-11T13:40:59,300.0,52.5,S
2021-06-11T13:40:59,100.0,52.5,S
2021-06-11T13:40:58,1900.0,52.5,S
2021-06-11T13:40:58,200.0,52.5,S
2021-06-11T13:40:58,3000.0,52.4,S
2021-06-11T13:40:57,1000.0,52.4,S
2021-06-11T13:40:55,1000.0,52.5,S
2021-06-11T13:40:54,4400.0,52.5,S
2021-06-11T13:40:53,2000.0,52.5,S
2021-06-11T13:40:53,500.0,52.5,S
2021-06-11T13:40:53,7400.0,52.5,S
2021-06-11T13:40:53,1000.0,52.5,S
2021-06-11T13:40:53,400.0,52.5,S
2021-06-11T13:40:51,100.0,52.5,S
2021-06-11T13:40:50,2100.0,52.4,S
2021-06-11T13:40:50,100.0,52.4,S
2021-06-11T13:40:50,800.0,52.4,S
2021-06-11T13:40:49,1100.0,52.5,S
2021-06-11T13:40:49,900.0,52.5,S
2021-06-11T13:40:49,1500.0,52.5,S
2021-06-11T13:40:49,300.0,52.5,S
2021-06-11T13:40:49,1100.0,52.5,S
2021-06-11T13:40:49,1000.0,52.5,S
2021-06-11T13:40:48,5200.0,52.5,S
2021-06-11T13:40:48,5500.0,52.5,S
2021-06-11T13:40:48,800.0,52.5,S
2021-06-11T13:40:48,3300.0,52.5,S
2021-06-11T13:40:48,400.0,52.5,S
2021-06-11T13:40:48,1200.0,52.5,S
2021-06-11T13:40:48,4200.0,52.5,S
2021-06-11T13:40:48,500.0,52.5,S
2021-06-11T13:40:48,12800.0,52.5,S
2021-06-11T13:40:48,1300.0,52.5,S
2021-06-11T13:40:48,26200.0,52.5,S
2021-06-11T13:40:46,1500.0,52.6,B
2021-06-11T13:40:45,2000.0,52.5,S
2021-06-11T13:40:38,4000.0,52.5,S
2021-06-11T13:40:38,47400.0,52.5,S
2021-06-11T13:40:36,200.0,52.5,S
2021-06-11T13:40:34,1000.0,52.5,S
2021-06-11T13:40:34,1500.0,52.5,S
2021-06-11T13:40:33,100.0,52.5,S
2021-06-11T13:40:33,2000.0,52.5,S
2021-06-11T13:40:32,100.0,52.5,S
2021-06-11T13:40:32,4000.0,52.5,S
2021-06-11T13:40:31,3500.0,52.5,S
2021-06-11T13:40:30,400.0,52.5,S
2021-06-11T13:40:30,1400.0,52.5,S
2021-06-11T13:40:30,3200.0,52.5,S
2021-06-11T13:40:30,200.0,52.5,S
2021-06-11T13:40:23,200.0,52.6,B
2021-06-11T13:40:23,700.0,52.5,S
2021-06-11T13:40:23,1300.0,52.5,S
2021-06-11T13:40:21,200.0,52.5,S
2021-06-11T13:40:20,3800.0,52.5,S
2021-06-11T13:40:20,600.0,52.5,S
2021-06-11T13:40:18,100.0,52.5,S
2021-06-11T13:40:18,5000.0,52.5,S
2021-06-11T13:40:16,3000.0,52.5,S
2021-06-11T13:40:16,25000.0,52.6,B
2021-06-11T13:40:10,200.0,52.5,S
2021-06-11T13:40:09,100.0,52.5,S
2021-06-11T13:40:05,4000.0,52.5,S
2021-06-11T13:40:04,1000.0,52.5,S
2021-06-11T13:39:58,5000.0,52.5,S
2021-06-11T13:39:56,3000.0,52.5,S
2021-06-11T13:39:55,500.0,52.5,S
2021-06-11T13:39:52,15000.0,52.5,S
2021-06-11T13:39:49,4200.0,52.5,S
2021-06-11T13:39:45,1000.0,52.5,S
2021-06-11T13:39:44,100.0,52.6,B
2021-06-11T13:39:43,4000.0,52.5,S
2021-06-11T13:39:41,3000.0,52.5,S
2021-06-11T13:39:33,500.0,52.5,S
2021-06-11T13:39:33,4100.0,52.6,B
2021-06-11T13:39:28,300.0,52.6,B
2021-06-11T13:39:27,7800.0,52.5,S
2021-06-11T13:39:26,500.0,52.5,S
2021-06-11T13:39:24,2000.0,52.5,S
2021-06-11T13:39:16,1000.0,52.6,B
2021-06-11T13:39:15,5000.0,52.5,S
2021-06-11T13:39:15,1000.0,52.5,S
2021-06-11T13:39:12,2000.0,52.6,B
2021-06-11T13:39:12,3200.0,52.5,S
2021-06-11T13:39:08,5000.0,52.6,B
2021-06-11T13:39:07,1700.0,52.5,S
2021-06-11T13:39:07,1300.0,52.5,S
2021-06-11T13:39:02,1000.0,52.6,B
2021-06-11T13:39:02,4000.0,52.5,S
2021-06-11T13:39:02,100.0,52.5,S
2021-06-11T13:39:01,300.0,52.5,S
2021-06-11T13:38:58,500.0,52.6,B
2021-06-11T13:38:56,900.0,52.5,S
2021-06-11T13:38:56,100.0,52.5,S
2021-06-11T13:38:55,5000.0,52.5,S
2021-06-11T13:38:55,4800.0,52.6,B
2021-06-11T13:38:52,100.0,52.6,B
2021-06-11T13:38:52,100.0,52.5,S
2021-06-11T13:38:50,400.0,52.5,S
2021-06-11T13:38:50,1600.0,52.5,S
2021-06-11T13:38:50,800.0,52.5,S
2021-06-11T13:38:46,200.0,52.5,S
2021-06-11T13:38:45,2000.0,52.5,S
2021-06-11T13:38:42,1800.0,52.5,S
2021-06-11T13:38:42,200.0,52.5,S
2021-06-11T13:38:42,1000.0,52.6,B
2021-06-11T13:38:40,200.0,52.5,S
2021-06-11T13:38:35,800.0,52.5,S
2021-06-11T13:38:33,1000.0,52.5,S
2021-06-11T13:38:32,2000.0,52.5,S
2021-06-11T13:38:29,3000.0,52.5,S
2021-06-11T13:38:28,5000.0,52.5,S
2021-06-11T13:38:27,200.0,52.5,S
2021-06-11T13:38:26,3000.0,52.5,S
2021-06-11T13:38:24,200.0,52.6,B
2021-06-11T13:38:23,300.0,52.5,S
2021-06-11T13:38:19,500.0,52.5,S
2021-06-11T13:38:19,3500.0,52.5,S
2021-06-11T13:38:18,400.0,52.6,B
2021-06-11T13:38:09,4000.0,52.5,S
2021-06-11T13:38:07,800.0,52.5,S
2021-06-11T13:38:05,300.0,52.6,B
2021-06-11T13:37:57,400.0,52.5,S
2021-06-11T13:37:57,300.0,52.5,S
2021-06-11T13:37:57,500.0,52.5,S
2021-06-11T13:37:57,1100.0,52.5,S
2021-06-11T13:37:54,8000.0,52.6,B
2021-06-11T13:37:53,3000.0,52.5,S
2021-06-11T13:37:49,300.0,52.5,S
2021-06-11T13:37:49,100.0,52.6,B
2021-06-11T13:37:48,1200.0,52.6,B
2021-06-11T13:37:44,2000.0,52.5,S
2021-06-11T13:37:43,100.0,52.6,B
2021-06-11T13:37:41,2000.0,52.6,B
2021-06-11T13:37:41,100.0,52.6,B
2021-06-11T13:37:37,3000.0,52.6,B
2021-06-11T13:37:37,100.0,52.6,B
2021-06-11T13:37:36,600.0,52.5,S
2021-06-11T13:37:36,4400.0,52.5,S
2021-06-11T13:37:32,100.0,52.5,S
2021-06-11T13:37:32,500.0,52.6,B
2021-06-11T13:37:32,1000.0,52.5,S
2021-06-11T13:37:32,8000.0,52.5,S
2021-06-11T13:37:27,3000.0,52.6,B
2021-06-11T13:37:25,4100.0,52.5,S
2021-06-11T13:37:24,5000.0,52.5,S
2021-06-11T13:37:23,200.0,52.6,B
2021-06-11T13:37:23,500.0,52.5,S
2021-06-11T13:37:22,400.0,52.5,S
2021-06-11T13:37:20,100.0,52.6,B
2021-06-11T13:37:18,5000.0,52.5,S
2021-06-11T13:37:17,600.0,52.6,B
2021-06-11T13:37:15,500.0,52.5,S
2021-06-11T13:37:15,100.0,52.6,B
2021-06-11T13:37:15,100.0,52.6,B
2021-06-11T13:37:14,100.0,52.5,S
2021-06-11T13:37:14,100.0,52.6,B
2021-06-11T13:37:13,5000.0,52.5,S
2021-06-11T13:37:09,400.0,52.5,S
2021-06-11T13:37:07,100.0,52.6,B
2021-06-11T13:37:06,100.0,52.6,B
2021-06-11T13:37:06,5000.0,52.5,S
2021-06-11T13:37:06,900.0,52.5,S
2021-06-11T13:37:06,7300.0,52.5,S
2021-06-11T13:37:06,500.0,52.5,S
2021-06-11T13:37:05,700.0,52.5,S
2021-06-11T13:37:05,3500.0,52.5,S
2021-06-11T13:37:05,1200.0,52.5,S
2021-06-11T13:37:05,6800.0,52.5,S
2021-06-11T13:37:04,100.0,52.6,B
2021-06-11T13:37:04,200.0,52.6,B
2021-06-11T13:37:03,500.0,52.5,S
2021-06-11T13:37:02,2500.0,52.5,S
2021-06-11T13:37:01,100.0,52.6,B
2021-06-11T13:37:00,100.0,52.6,B
2021-06-11T13:36:59,2000.0,52.5,S
2021-06-11T13:36:59,2000.0,52.5,S
2021-06-11T13:36:47,2200.0,52.5,S
2021-06-11T13:36:46,400.0,52.5,S
2021-06-11T13:36:45,200.0,52.6,B
2021-06-11T13:36:44,500.0,52.5,S
2021-06-11T13:36:44,200.0,52.6,B
2021-06-11T13:36:44,300.0,52.6,B
2021-06-11T13:36:35,4000.0,52.5,S
2021-06-11T13:36:29,500.0,52.5,S
2021-06-11T13:36:28,3000.0,52.5,S
2021-06-11T13:36:26,4900.0,52.6,B
2021-06-11T13:36:26,100.0,52.6,B
2021-06-11T13:36:18,3100.0,52.5,S
2021-06-11T13:36:17,1000.0,52.6,B
2021-06-11T13:36:09,2000.0,52.5,S
2021-06-11T13:36:05,1000.0,52.6,B
2021-06-11T13:36:03,2000.0,52.5,S
2021-06-11T13:36:00,1000.0,52.5,S
2021-06-11T13:36:00,200.0,52.6,B
2021-06-11T13:36:00,800.0,52.5,S
2021-06-11T13:36:00,4200.0,52.5,S
2021-06-11T13:35:59,500.0,52.5,S
2021-06-11T13:35:56,3000.0,52.5,S
2021-06-11T13:35:54,3300.0,52.5,S
2021-06-11T13:35:54,100.0,52.5,S
2021-06-11T13:35:50,5000.0,52.6,B
2021-06-11T13:35:50,2000.0,52.4,S
2021-06-11T13:35:50,200.0,52.5,S
2021-06-11T13:35:49,300.0,52.5,S
2021-06-11T13:35:48,200.0,52.5,S
2021-06-11T13:35:48,500.0,52.5,S
2021-06-11T13:35:45,3000.0,52.4,S
2021-06-11T13:35:40,600.0,52.5,S
2021-06-11T13:35:38,200.0,52.5,S
2021-06-11T13:35:38,2000.0,52.5,S
2021-06-11T13:35:36,2000.0,52.4,S
2021-06-11T13:35:36,100.0,52.4,S
2021-06-11T13:35:36,2900.0,52.4,S
2021-06-11T13:35:34,500.0,52.5,S
2021-06-11T13:35:32,200.0,52.6,B
2021-06-11T13:35:32,100.0,52.6,B
2021-06-11T13:35:30,5000.0,52.6,B
2021-06-11T13:35:28,3000.0,52.4,S
2021-06-11T13:35:25,3000.0,52.6,B
2021-06-11T13:35:20,500.0,52.5,S
2021-06-11T13:35:19,1900.0,52.4,S
2021-06-11T13:35:19,1100.0,52.5,S
2021-06-11T13:35:15,4000.0,52.4,S
2021-06-11T13:35:15,300.0,52.6,B
2021-06-11T13:35:13,17900.0,52.4,S
2021-06-11T13:35:13,500.0,52.4,S
2021-06-11T13:35:13,2400.0,52.4,S
2021-06-11T13:35:12,1600.0,52.4,S
2021-06-11T13:35:12,500.0,52.4,S
2021-06-11T13:35:12,600.0,52.4,S
2021-06-11T13:35:12,200.0,52.4,S
2021-06-11T13:35:12,8200.0,52.4,S
2021-06-11T13:35:12,1700.0,52.4,S
2021-06-11T13:35:12,2100.0,52.4,S
2021-06-11T13:35:12,6300.0,52.4,S
2021-06-11T13:35:12,8000.0,52.4,S
2021-06-11T13:35:12,100.0,52.6,B
2021-06-11T13:35:10,2000.0,52.5,S
2021-06-11T13:35:08,300.0,52.5,S
2021-06-11T13:35:05,3000.0,52.5,S
2021-06-11T13:35:05,200.0,52.6,B
2021-06-11T13:35:05,700.0,52.5,S
2021-06-11T13:35:05,1500.0,52.5,S
2021-06-11T13:35:05,200.0,52.5,S
2021-06-11T13:35:05,900.0,52.5,S
2021-06-11T13:35:05,3900.0,52.5,S
2021-06-11T13:35:04,600.0,52.5,S
2021-06-11T13:35:02,100.0,52.5,S
2021-06-11T13:35:02,1000.0,52.5,S
2021-06-11T13:34:58,100.0,52.6,B
2021-06-11T13:34:57,700.0,52.6,B
2021-06-11T13:34:57,20000.0,52.6,B
2021-06-11T13:34:54,400.0,52.5,S
2021-06-11T13:34:54,1400.0,52.5,S
2021-06-11T13:34:54,100.0,52.5,S
2021-06-11T13:34:53,2500.0,52.5,S
2021-06-11T13:34:52,2400.0,52.5,S
2021-06-11T13:34:52,100.0,52.5,S
2021-06-11T13:34:52,4500.0,52.5,S
2021-06-11T13:34:52,1000.0,52.5,S
2021-06-11T13:34:52,2000.0,52.5,S
2021-06-11T13:34:52,1100.0,52.5,S
2021-06-11T13:34:52,100.0,52.5,S
2021-06-11T13:34:52,2200.0,52.5,S
2021-06-11T13:34:52,2000.0,52.5,S
2021-06-11T13:34:52,1200.0,52.5,S
2021-06-11T13:34:52,3400.0,52.5,S
2021-06-11T13:34:51,200.0,52.6,B
2021-06-11T13:34:45,100.0,52.6,B
2021-06-11T13:34:44,5000.0,52.5,S
2021-06-11T13:34:43,100.0,52.5,S
2021-06-11T13:34:42,2000.0,52.5,S
2021-06-11T13:34:41,100.0,52.6,B
2021-06-11T13:34:41,5000.0,52.5,S
2021-06-11T13:34:40,100.0,52.6,B
2021-06-11T13:34:39,100.0,52.5,S
2021-06-11T13:34:39,1800.0,52.6,B
2021-06-11T13:34:30,1000.0,52.6,B
2021-06-11T13:34:29,2000.0,52.5,S
2021-06-11T13:34:27,6900.0,52.5,S
2021-06-11T13:34:26,100.0,52.6,B
2021-06-11T13:34:25,3000.0,52.5,S
2021-06-11T13:34:23,100.0,52.6,B
2021-06-11T13:34:23,40000.0,52.5,S
2021-06-11T13:34:21,600.0,52.5,S
2021-06-11T13:34:17,100.0,52.6,B
2021-06-11T13:34:17,4000.0,52.5,S
2021-06-11T13:34:17,7000.0,52.5,S
2021-06-11T13:34:17,3000.0,52.5,S
2021-06-11T13:34:17,11400.0,52.5,S
2021-06-11T13:34:17,5500.0,52.5,S
2021-06-11T13:34:16,2700.0,52.5,S
2021-06-11T13:34:16,1000.0,52.5,S
2021-06-11T13:34:16,200.0,52.5,S
2021-06-11T13:34:16,1000.0,52.5,S
2021-06-11T13:34:16,1700.0,52.5,S
2021-06-11T13:34:16,3500.0,52.5,S
2021-06-11T13:34:16,1000.0,52.5,S
2021-06-11T13:34:16,1900.0,52.5,S
2021-06-11T13:34:16,100.0,52.5,S
2021-06-11T13:34:16,1500.0,52.5,S
2021-06-11T13:34:16,1300.0,52.5,S
2021-06-11T13:34:16,7200.0,52.5,S
2021-06-11T13:34:15,3000.0,52.5,S
2021-06-11T13:34:14,5000.0,52.6,S
2021-06-11T13:34:11,600.0,52.6,S
2021-06-11T13:34:09,5000.0,52.5,S
2021-06-11T13:34:09,2200.0,52.5,S
2021-06-11T13:34:09,4000.0,52.5,S
2021-06-11T13:34:09,100.0,52.5,S
2021-06-11T13:34:08,2500.0,52.5,S
2021-06-11T13:34:08,100.0,52.5,S
2021-06-11T13:34:08,13700.0,52.5,S
2021-06-11T13:34:08,4700.0,52.5,S
2021-06-11T13:34:08,1000.0,52.5,S
2021-06-11T13:34:08,1100.0,52.5,S
2021-06-11T13:34:08,25600.0,52.5,S
2021-06-11T13:34:08,500.0,52.6,S
2021-06-11T13:34:04,500.0,52.5,S
2021-06-11T13:33:59,5000.0,52.5,S
2021-06-11T13:33:59,1700.0,52.5,S
2021-06-11T13:33:55,5000.0,52.5,S
2021-06-11T13:33:51,1000.0,52.6,S
2021-06-11T13:33:51,4100.0,52.5,S
2021-06-11T13:33:50,1000.0,52.6,S
2021-06-11T13:33:50,100.0,52.5,S
2021-06-11T13:33:49,100.0,52.6,S
2021-06-11T13:33:47,1000.0,52.6,S
2021-06-11T13:33:47,200.0,52.6,S
2021-06-11T13:33:47,500.0,52.6,S
2021-06-11T13:33:46,3000.0,52.5,S
2021-06-11T13:33:45,4000.0,52.5,S
2021-06-11T13:33:43,4000.0,52.5,S
2021-06-11T13:33:42,400.0,52.5,S
2021-06-11T13:33:42,500.0,52.5,S
2021-06-11T13:33:42,100.0,52.5,S
2021-06-11T13:33:40,900.0,52.6,S
2021-06-11T13:33:40,500.0,52.6,S
2021-06-11T13:33:38,4700.0,52.6,S
2021-06-11T13:33:35,500.0,52.5,S
2021-06-11T13:33:35,500.0,52.6,S
2021-06-11T13:33:35,2000.0,52.5,S
2021-06-11T13:33:35,100.0,52.5,S
2021-06-11T13:33:34,500.0,52.5,S
2021-06-11T13:33:34,3100.0,52.5,S
2021-06-11T13:33:34,3800.0,52.5,S
2021-06-11T13:33:34,800.0,52.5,S
2021-06-11T13:33:34,800.0,52.5,S
2021-06-11T13:33:34,8900.0,52.5,S
2021-06-11T13:33:33,3000.0,52.5,S
2021-06-11T13:33:33,100.0,52.6,S
2021-06-11T13:33:29,500.0,52.6,S
2021-06-11T13:33:26,5000.0,52.5,S
2021-06-11T13:33:24,400.0,52.6,S
2021-06-11T13:33:22,100.0,52.6,S
2021-06-11T13:33:22,500.0,52.6,S
2021-06-11T13:33:21,2000.0,52.5,S
2021-06-11T13:33:21,300.0,52.6,S
2021-06-11T13:33:18,200.0,52.5,S
2021-06-11T13:33:18,1000.0,52.6,S
2021-06-11T13:33:16,100.0,52.6,S
2021-06-11T13:33:16,4000.0,52.5,S
2021-06-11T13:33:08,500.0,52.6,S
2021-06-11T13:33:07,2000.0,52.5,S
2021-06-11T13:33:06,1700.0,52.5,S
2021-06-11T13:33:06,500.0,52.5,S
2021-06-11T13:33:05,5500.0,52.5,S
2021-06-11T13:33:03,400.0,52.6,S
2021-06-11T13:33:00,100.0,52.5,S
2021-06-11T13:33:00,1600.0,52.5,S
2021-06-11T13:33:00,100.0,52.5,S
2021-06-11T13:33:00,3200.0,52.5,S
2021-06-11T13:32:55,200.0,52.6,S
2021-06-11T13:32:55,1500.0,52.5,S
2021-06-11T13:32:55,300.0,52.5,S
2021-06-11T13:32:55,5600.0,52.5,S
2021-06-11T13:32:55,2100.0,52.5,S
2021-06-11T13:32:55,7000.0,52.5,S
2021-06-11T13:32:54,100.0,52.5,S
2021-06-11T13:32:54,7400.0,52.5,S
2021-06-11T13:32:54,400.0,52.5,S
2021-06-11T13:32:52,3000.0,52.5,S
2021-06-11T13:32:51,500.0,52.5,S
2021-06-11T13:32:51,5000.0,52.5,S
2021-06-11T13:32:51,24500.0,52.5,S
2021-06-11T13:32:49,10000.0,52.6,S
2021-06-11T13:32:48,100.0,52.6,S
2021-06-11T13:32:48,10000.0,52.6,S
2021-06-11T13:32:47,1000.0,52.5,S
2021-06-11T13:32:46,100.0,52.6,S
2021-06-11T13:32:45,2000.0,52.5,S
2021-06-11T13:32:44,500.0,52.6,S
2021-06-11T13:32:42,1000.0,52.5,S
2021-06-11T13:32:40,10000.0,52.6,S
2021-06-11T13:32:39,200.0,52.6,S
2021-06-11T13:32:39,800.0,52.6,S
2021-06-11T13:32:39,2000.0,52.5,S
2021-06-11T13:32:37,800.0,52.6,S
2021-06-11T13:32:37,1100.0,52.5,S
2021-06-11T13:32:36,300.0,52.6,S
2021-06-11T13:32:35,500.0,52.6,S
2021-06-11T13:32:35,100.0,52.6,S
2021-06-11T13:32:35,5000.0,52.5,S
2021-06-11T13:32:34,600.0,52.6,S
2021-06-11T13:32:31,300.0,52.5,S
2021-06-11T13:32:30,10000.0,52.6,S
2021-06-11T13:32:29,3000.0,52.5,S
2021-06-11T13:32:28,500.0,52.6,S
2021-06-11T13:32:28,100.0,52.6,S
2021-06-11T13:32:24,1500.0,52.6,S
2021-06-11T13:32:24,600.0,52.6,S
2021-06-11T13:32:24,1000.0,52.6,S
2021-06-11T13:32:22,400.0,52.6,S
2021-06-11T13:32:21,3000.0,52.5,S
2021-06-11T13:32:19,33000.0,52.6,S
2021-06-11T13:32:18,1000.0,52.6,S
2021-06-11T13:32:15,3100.0,52.5,S
2021-06-11T13:32:13,30000.0,52.5,S
2021-06-11T13:32:12,5000.0,52.6,S
2021-06-11T13:32:12,900.0,52.6,S
2021-06-11T13:32:11,600.0,52.6,S
2021-06-11T13:32:10,2000.0,52.5,S
2021-06-11T13:32:10,1000.0,52.6,S
2021-06-11T13:32:07,2000.0,52.6,S
2021-06-11T13:32:06,1600.0,52.6,S
2021-06-11T13:32:06,300.0,52.6,S
2021-06-11T13:32:06,100.0,52.6,S
2021-06-11T13:32:03,200.0,52.6,S
2021-06-11T13:32:03,4000.0,52.5,S
2021-06-11T13:32:03,300.0,52.6,S
2021-06-11T13:32:03,500.0,52.6,S
2021-06-11T13:32:02,1100.0,52.6,S
2021-06-11T13:31:58,10000.0,52.7,S
2021-06-11T13:31:57,100.0,52.7,S
2021-06-11T13:31:57,600.0,52.7,S
2021-06-11T13:31:56,900.0,52.7,S
2021-06-11T13:31:55,2000.0,52.5,S
2021-06-11T13:31:55,200.0,52.7,S
2021-06-11T13:31:53,100.0,52.7,S
2021-06-11T13:31:51,3000.0,52.7,S
2021-06-11T13:31:49,200.0,52.7,S
2021-06-11T13:31:48,300.0,52.7,S
2021-06-11T13:31:46,500.0,52.7,S
2021-06-11T13:31:46,3400.0,52.5,S
2021-06-11T13:31:43,700.0,52.6,S
2021-06-11T13:31:41,800.0,52.6,S
2021-06-11T13:31:41,600.0,52.6,S
2021-06-11T13:31:40,1400.0,52.6,S
2021-06-11T13:31:40,100.0,52.6,S
2021-06-11T13:31:40,100.0,52.6,S
2021-06-11T13:31:37,8300.0,52.9,B
2021-06-11T13:31:37,500.0,52.9,B
2021-06-11T13:31:37,10100.0,52.9,B
2021-06-11T13:31:37,105400.0,52.9,B
2021-06-11T13:31:37,3500.0,52.8,S
2021-06-11T13:31:37,2200.0,52.8,S
2021-06-11T13:31:36,3200.0,52.8,S
2021-06-11T13:31:36,700.0,52.7,S
2021-06-11T13:31:28,300.0,52.7,S
2021-06-11T13:31:28,2000.0,52.6,S
2021-06-11T13:31:20,700.0,52.7,S
2021-06-11T13:31:20,100.0,52.7,S
2021-06-11T13:31:20,600.0,52.7,S
2021-06-11T13:31:19,400.0,52.7,S
2021-06-11T13:31:16,1000.0,52.8,S
2021-06-11T13:31:15,2000.0,52.6,S
2021-06-11T13:31:14,100.0,52.8,S
2021-06-11T13:31:13,100.0,52.8,S
2021-06-11T13:31:06,1000.0,52.8,S
2021-06-11T13:31:05,1100.0,52.6,S
2021-06-11T13:31:05,1200.0,52.6,S
2021-06-11T13:31:05,200.0,52.6,S
2021-06-11T13:31:05,2500.0,52.6,S
2021-06-11T13:31:03,1000.0,52.9,B
2021-06-11T13:31:03,3900.0,52.6,S
2021-06-11T13:31:03,3000.0,52.6,S
2021-06-11T13:31:03,5100.0,52.6,S
2021-06-11T13:31:03,500.0,52.6,S
2021-06-11T13:31:03,5600.0,52.6,S
2021-06-11T13:31:03,1000.0,52.6,S
2021-06-11T13:31:03,1400.0,52.6,S
2021-06-11T13:31:02,500.0,52.8,S
2021-06-11T13:30:58,1200.0,52.6,S
2021-06-11T13:30:58,200.0,52.6,S
2021-06-11T13:30:58,400.0,52.6,S
2021-06-11T13:30:58,500.0,52.6,S
2021-06-11T13:30:58,4500.0,52.6,S
2021-06-11T13:30:58,600.0,52.6,S
2021-06-11T13:30:58,1600.0,52.6,S
2021-06-11T13:30:58,900.0,52.6,S
2021-06-11T13:30:57,1500.0,52.6,S
2021-06-11T13:30:57,2600.0,52.6,S
2021-06-11T13:30:57,2900.0,52.6,S
2021-06-11T13:30:57,2300.0,52.6,S
2021-06-11T13:30:57,600.0,52.6,S
2021-06-11T13:30:57,600.0,52.6,S
2021-06-11T13:30:57,2200.0,52.6,S
2021-06-11T13:30:57,1500.0,52.6,S
2021-06-11T13:30:56,400.0,52.6,S
2021-06-11T13:30:56,700.0,52.6,S
2021-06-11T13:30:56,6500.0,52.6,S
2021-06-11T13:30:56,18300.0,52.6,S
2021-06-11T13:30:56,2700.0,52.8,S
2021-06-11T13:30:56,300.0,52.8,S
2021-06-11T13:30:56,100.0,52.8,S
2021-06-11T13:30:54,200.0,52.8,S
2021-06-11T13:30:53,200.0,52.7,S
2021-06-11T13:30:53,3300.0,52.6,S
2021-06-11T13:30:53,6700.0,52.6,S
2021-06-11T13:30:53,5300.0,52.6,S
2021-06-11T13:30:53,8000.0,52.6,S
2021-06-11T13:30:52,2100.0,52.6,S
2021-06-11T13:30:52,5000.0,52.6,S
2021-06-11T13:30:52,3700.0,52.6,S
2021-06-11T13:30:52,300.0,52.6,S
2021-06-11T13:30:52,1300.0,52.6,S
2021-06-11T13:30:52,400.0,52.6,S
2021-06-11T13:30:52,1200.0,52.7,S
2021-06-11T13:30:52,200.0,52.7,S
2021-06-11T13:30:52,3200.0,52.7,S
2021-06-11T13:30:52,900.0,52.7,S
2021-06-11T13:30:52,8400.0,52.7,S
2021-06-11T13:30:50,500.0,52.8,S
2021-06-11T13:30:50,200.0,52.8,S
2021-06-11T13:30:49,5000.0,52.7,S
2021-06-11T13:30:49,6800.0,52.7,S
2021-06-11T13:30:49,1000.0,52.7,S
2021-06-11T13:30:49,500.0,52.7,S
2021-06-11T13:30:49,500.0,52.7,S
2021-06-11T13:30:49,1200.0,52.7,S
2021-06-11T13:30:49,5200.0,52.7,S
2021-06-11T13:30:49,2700.0,52.7,S
2021-06-11T13:30:49,5900.0,52.7,S
2021-06-11T13:30:49,7800.0,52.7,S
2021-06-11T13:30:49,2100.0,52.7,S
2021-06-11T13:30:48,200.0,52.7,S
2021-06-11T13:30:48,1800.0,52.7,S
2021-06-11T13:30:48,9300.0,52.7,S
2021-06-11T13:30:48,1000.0,52.7,S
2021-06-11T13:30:47,5000.0,52.7,S
2021-06-11T13:30:45,100.0,52.7,S
2021-06-11T13:30:45,1300.0,52.7,S
2021-06-11T13:30:45,300.0,52.7,S
2021-06-11T13:30:44,10300.0,52.7,S
2021-06-11T13:30:44,3000.0,52.7,S
2021-06-11T13:30:44,1100.0,52.7,S
2021-06-11T13:30:44,2800.0,52.7,S
2021-06-11T13:30:44,2100.0,52.7,S
2021-06-11T13:30:44,3800.0,52.7,S
2021-06-11T13:30:44,5500.0,52.7,S
2021-06-11T13:30:44,300.0,52.7,S
2021-06-11T13:30:44,6200.0,52.7,S
2021-06-11T13:30:44,300.0,52.7,S
2021-06-11T13:30:44,9000.0,52.7,S
2021-06-11T13:30:44,1200.0,52.7,S
2021-06-11T13:30:44,2000.0,52.7,S
2021-06-11T13:30:43,700.0,52.7,S
2021-06-11T13:30:42,1400.0,52.7,S
2021-06-11T13:30:42,300.0,52.7,S
2021-06-11T13:30:42,3200.0,52.7,S
2021-06-11T13:30:42,500.0,52.7,S
2021-06-11T13:30:42,4000.0,52.8,S
2021-06-11T13:30:42,1400.0,52.8,S
2021-06-11T13:30:42,7300.0,52.8,S
2021-06-11T13:30:42,200.0,52.8,S
2021-06-11T13:30:42,4700.0,52.8,S
2021-06-11T13:30:40,100.0,52.8,S
2021-06-11T13:30:40,1000.0,52.8,S
2021-06-11T13:30:39,3400.0,52.8,S
2021-06-11T13:30:39,1200.0,52.8,S
2021-06-11T13:30:39,3400.0,52.8,S
2021-06-11T13:30:39,1400.0,52.8,S
2021-06-11T13:30:39,1300.0,52.8,S
2021-06-11T13:30:39,1300.0,52.8,S
2021-06-11T13:30:39,500.0,52.8,S
2021-06-11T13:30:39,14000.0,52.8,S
2021-06-11T13:30:39,1000.0,52.8,S
2021-06-11T13:30:39,300.0,52.8,S
2021-06-11T13:30:39,6100.0,52.8,S
2021-06-11T13:30:39,1400.0,52.8,S
2021-06-11T13:30:39,200.0,52.8,S
2021-06-11T13:30:39,100.0,52.8,S
2021-06-11T13:30:39,1200.0,52.8,S
2021-06-11T13:30:39,500.0,52.8,S
2021-06-11T13:30:39,2300.0,52.8,S
2021-06-11T13:30:39,1200.0,52.8,S
2021-06-11T13:30:39,2300.0,52.8,S
2021-06-11T13:30:39,100.0,52.8,S
2021-06-11T13:30:38,2700.0,52.8,S
2021-06-11T13:30:38,300.0,52.8,S
2021-06-11T13:30:38,10500.0,52.8,S
2021-06-11T13:30:38,3400.0,52.8,S
2021-06-11T13:30:38,24100.0,52.8,S
2021-06-11T13:30:38,300.0,52.8,S
2021-06-11T13:30:38,700.0,52.8,S
2021-06-11T13:30:38,1000.0,52.8,S
2021-06-11T13:30:38,300.0,52.8,S
2021-06-11T13:30:38,200.0,52.8,S
2021-06-11T13:30:38,3300.0,52.8,S
2021-06-11T13:30:38,500.0,52.8,S
2021-06-11T13:30:38,9500.0,52.8,S
2021-06-11T13:30:37,4000.0,52.8,S
2021-06-11T13:30:37,3000.0,52.8,S
2021-06-11T13:30:33,100.0,52.9,B
2021-06-11T13:30:32,100.0,52.8,S
2021-06-11T13:30:32,300.0,52.8,S
2021-06-11T13:30:32,1600.0,52.8,S
2021-06-11T13:30:31,1000.0,52.9,B
2021-06-11T13:30:30,500.0,52.9,B
2021-06-11T13:30:28,1200.0,52.8,S
2021-06-11T13:30:28,800.0,52.8,S
2021-06-11T13:30:28,700.0,52.9,B
2021-06-11T13:30:27,3300.0,52.8,S
2021-06-11T13:30:27,1700.0,52.8,S
2021-06-11T13:30:26,500.0,52.9,B
2021-06-11T13:30:26,1800.0,52.9,B
2021-06-11T13:30:25,2100.0,52.8,S
2021-06-11T13:30:25,1000.0,52.8,S
2021-06-11T13:30:25,900.0,52.8,S
2021-06-11T13:30:25,1000.0,52.8,S
2021-06-11T13:30:25,5000.0,52.8,S
2021-06-11T13:30:24,1000.0,52.8,S
2021-06-11T13:30:24,2500.0,52.9,B
2021-06-11T13:30:23,500.0,52.8,S
2021-06-11T13:30:21,1100.0,52.9,B
2021-06-11T13:30:20,700.0,52.9,B
2021-06-11T13:30:18,100.0,52.8,S
2021-06-11T13:30:17,100.0,52.8,S
2021-06-11T13:30:17,500.0,52.8,S
2021-06-11T13:30:17,200.0,52.8,S
2021-06-11T13:30:17,3800.0,52.8,S
2021-06-11T13:30:16,500.0,52.8,S
2021-06-11T13:30:16,2000.0,52.8,S
2021-06-11T13:30:16,1400.0,52.8,S
2021-06-11T13:30:16,1300.0,52.8,S
2021-06-11T13:30:16,12200.0,52.8,S
2021-06-11T13:30:16,300.0,52.8,S
2021-06-11T13:30:16,700.0,52.8,S
2021-06-11T13:30:16,1600.0,52.8,S
2021-06-11T13:30:15,11000.0,52.9,B
2021-06-11T13:30:14,5100.0,52.8,S
2021-06-11T13:30:12,200.0,52.8,S
2021-06-11T13:30:11,2000.0,52.8,S
2021-06-11T13:30:09,500.0,52.9,B
2021-06-11T13:30:07,6000.0,52.8,S
2021-06-11T13:30:06,200.0,52.9,B
2021-06-11T13:30:05,1800.0,52.9,B
2021-06-11T13:30:05,3200.0,52.9,B
2021-06-11T13:30:04,500.0,52.8,S
2021-06-11T13:30:04,600.0,52.9,B
2021-06-11T13:30:03,4000.0,52.8,S
2021-06-11T13:30:03,1700.0,52.9,B
2021-06-11T13:30:03,3000.0,52.8,S
2021-06-11T13:30:02,1000.0,52.8,S
2021-06-11T13:29:58,500.0,52.9,B
2021-06-11T13:29:58,300.0,52.9,B
2021-06-11T13:29:56,200.0,52.9,B
2021-06-11T13:29:53,300.0,52.8,S
2021-06-11T13:29:53,1000.0,52.9,B
2021-06-11T13:29:51,1400.0,52.8,S
2021-06-11T13:29:50,600.0,52.8,S
2021-06-11T13:29:50,100000.0,52.8,S
2021-06-11T13:29:48,400.0,52.8,S
2021-06-11T13:29:48,1300.0,52.8,S
2021-06-11T13:29:48,500.0,52.8,S
2021-06-11T13:29:48,600.0,52.8,S
2021-06-11T13:29:47,1600.0,52.8,S
2021-06-11T13:29:47,2000.0,52.8,S
2021-06-11T13:29:47,2300.0,52.8,S
2021-06-11T13:29:47,700.0,52.8,S
2021-06-11T13:29:47,1200.0,52.8,S
2021-06-11T13:29:47,3000.0,52.8,S
2021-06-11T13:29:47,3500.0,52.8,S
2021-06-11T13:29:47,2900.0,52.8,S
2021-06-11T13:29:44,5000.0,52.8,S
2021-06-11T13:29:42,500.0,52.9,B
2021-06-11T13:29:41,4000.0,52.8,S
2021-06-11T13:29:40,1600.0,52.8,S
2021-06-11T13:29:40,3400.0,52.8,S
2021-06-11T13:29:35,300.0,52.9,B
2021-06-11T13:29:32,500.0,52.9,B
2021-06-11T13:29:32,2900.0,52.9,B
2021-06-11T13:29:32,200.0,52.8,S
2021-06-11T13:29:32,200.0,52.8,S
2021-06-11T13:29:31,1600.0,52.8,S
2021-06-11T13:29:29,300.0,52.9,B
2021-06-11T13:29:23,1600.0,52.8,S
2021-06-11T13:29:20,2000.0,52.8,S
2021-06-11T13:29:19,1000.0,52.8,S
2021-06-11T13:29:18,100.0,52.8,S
2021-06-11T13:29:18,10000.0,52.8,S
2021-06-11T13:29:17,1500.0,52.8,S
2021-06-11T13:29:17,600.0,52.8,S
2021-06-11T13:29:17,900.0,52.8,S
2021-06-11T13:29:17,400.0,52.8,S
2021-06-11T13:29:17,800.0,52.8,S
2021-06-11T13:29:17,18800.0,52.8,S
2021-06-11T13:29:17,2000.0,52.8,S
2021-06-11T13:29:16,900.0,52.9,B
2021-06-11T13:29:16,100.0,52.9,B
2021-06-11T13:29:14,2000.0,52.9,B
2021-06-11T13:29:10,5000.0,52.8,S
2021-06-11T13:29:05,1000.0,52.9,B
2021-06-11T13:29:04,1400.0,52.8,S
2021-06-11T13:29:04,500.0,52.8,S
2021-06-11T13:29:02,1100.0,52.8,S
2021-06-11T13:28:58,5000.0,52.9,B
2021-06-11T13:28:57,100.0,52.9,B
2021-06-11T13:28:54,3000.0,52.8,S
2021-06-11T13:28:54,100.0,52.9,B
2021-06-11T13:28:53,2000.0,52.8,S
2021-06-11T13:28:48,5000.0,52.8,S
2021-06-11T13:28:46,2000.0,52.8,S
2021-06-11T13:28:44,1000.0,52.9,B
2021-06-11T13:28:43,500.0,52.8,S
2021-06-11T13:28:39,200.0,52.8,S
2021-06-11T13:28:39,3000.0,52.8,S
2021-06-11T13:28:38,24700.0,52.9,B
2021-06-11T13:28:38,1200.0,52.9,B
2021-06-11T13:28:38,1100.0,52.9,B
2021-06-11T13:28:38,600.0,52.9,B
2021-06-11T13:28:38,5100.0,52.9,B
2021-06-11T13:28:38,23000.0,52.8,S
2021-06-11T13:28:38,200.0,52.8,S
2021-06-11T13:28:35,600.0,52.9,B
2021-06-11T13:28:34,2000.0,52.8,S
2021-06-11T13:28:33,100.0,52.8,S
2021-06-11T13:28:31,200.0,52.9,B
2021-06-11T13:28:28,1000.0,52.8,S
2021-06-11T13:28:27,3000.0,52.8,S
2021-06-11T13:28:23,500.0,52.8,S
2021-06-11T13:28:19,4000.0,52.8,S
2021-06-11T13:28:19,1100.0,52.8,S
2021-06-11T13:28:17,500.0,52.9,B
2021-06-11T13:28:11,2000.0,52.8,S
2021-06-11T13:28:09,200.0,52.8,S
2021-06-11T13:28:07,700.0,52.9,B
2021-06-11T13:28:07,5000.0,52.8,S
2021-06-11T13:28:07,5000.0,52.8,S
2021-06-11T13:28:05,900.0,52.8,S
2021-06-11T13:28:05,500.0,52.8,S
2021-06-11T13:28:04,500.0,52.8,S
2021-06-11T13:28:02,100.0,52.8,S
2021-06-11T13:27:59,100.0,52.9,B
2021-06-11T13:27:57,2000.0,52.8,S
2021-06-11T13:27:56,100.0,52.9,B
2021-06-11T13:27:55,1000.0,52.9,B
2021-06-11T13:27:46,1000.0,52.8,S
2021-06-11T13:27:42,5000.0,52.8,S
2021-06-11T13:27:38,10000.0,52.9,B
2021-06-11T13:27:37,1000.0,52.9,B
2021-06-11T13:27:36,2000.0,52.9,B
2021-06-11T13:27:36,100.0,52.9,B
2021-06-11T13:27:35,200.0,52.9,B
2021-06-11T13:27:34,2000.0,52.8,S
2021-06-11T13:27:33,1000.0,52.9,B
2021-06-11T13:27:29,2000.0,52.9,B
2021-06-11T13:27:25,1200.0,52.8,S
2021-06-11T13:27:25,600.0,52.8,S
2021-06-11T13:27:25,3400.0,52.8,S
2021-06-11T13:27:21,2000.0,52.8,S
2021-06-11T13:27:19,100.0,52.9,S
2021-06-11T13:27:19,200.0,52.9,S
2021-06-11T13:27:19,1000.0,52.9,S
2021-06-11T13:27:19,3700.0,52.9,S
2021-06-11T13:27:18,1300.0,52.9,S
2021-06-11T13:27:18,200.0,52.9,S
2021-06-11T13:27:17,100.0,52.9,S
2021-06-11T13:27:14,4000.0,52.8,S
2021-06-11T13:27:14,900.0,52.9,S
2021-06-11T13:27:14,4100.0,52.9,S
2021-06-11T13:27:11,400.0,52.9,S
2021-06-11T13:27:10,300.0,52.8,S
2021-06-11T13:27:07,2000.0,52.8,S
2021-06-11T13:27:03,500.0,52.9,S
2021-06-11T13:27:03,1700.0,52.8,S
2021-06-11T13:27:03,500.0,52.8,S
2021-06-11T13:27:00,100.0,52.9,S
2021-06-11T13:27:00,300.0,52.9,S
2021-06-11T13:27:00,600.0,52.9,S
2021-06-11T13:26:59,100.0,52.9,S
2021-06-11T13:26:58,200.0,52.9,S
2021-06-11T13:26:57,100.0,52.9,S
2021-06-11T13:26:57,500.0,52.8,S
2021-06-11T13:26:56,5100.0,52.9,S
2021-06-11T13:26:52,2000.0,52.9,S
2021-06-11T13:26:52,3000.0,52.9,S
2021-06-11T13:26:51,700.0,52.9,S
2021-06-11T13:26:48,3000.0,52.8,S
2021-06-11T13:26:48,1200.0,52.9,S
2021-06-11T13:26:48,5000.0,52.9,S
2021-06-11T13:26:48,2800.0,52.9,S
2021-06-11T13:26:47,1000.0,52.9,S
2021-06-11T13:26:45,300.0,52.9,S
2021-06-11T13:26:42,1600.0,52.8,S
2021-06-11T13:26:42,1000.0,52.8,S
2021-06-11T13:26:41,2400.0,52.8,S
2021-06-11T13:26:39,500.0,52.9,S
2021-06-11T13:26:39,500.0,52.9,S
2021-06-11T13:26:37,3600.0,52.8,S
2021-06-11T13:26:37,400.0,52.8,S
2021-06-11T13:26:35,500.0,52.9,S
2021-06-11T13:26:33,100.0,52.9,S
2021-06-11T13:26:32,2700.0,52.8,S
2021-06-11T13:26:32,300.0,52.8,S
2021-06-11T13:26:32,200.0,52.9,S
2021-06-11T13:26:30,300.0,52.9,S
2021-06-11T13:26:28,500.0,52.9,S
2021-06-11T13:26:27,1700.0,52.8,S
2021-06-11T13:26:27,4000.0,52.8,S
2021-06-11T13:26:27,200.0,52.8,S
2021-06-11T13:26:27,600.0,52.8,S
2021-06-11T13:26:27,400.0,52.8,S
2021-06-11T13:26:27,23100.0,52.8,S
2021-06-11T13:26:23,3000.0,52.8,S
2021-06-11T13:26:21,500.0,52.9,S
2021-06-11T13:26:20,500.0,52.9,S
2021-06-11T13:26:19,500.0,52.9,S
2021-06-11T13:26:14,4000.0,52.8,S
2021-06-11T13:26:13,3000.0,52.9,S
2021-06-11T13:26:12,1500.0,52.9,S
2021-06-11T13:26:08,1000.0,52.9,S
2021-06-11T13:26:08,4000.0,52.9,S
2021-06-11T13:26:08,1000.0,52.9,S
2021-06-11T13:26:01,2000.0,52.9,S
2021-06-11T13:26:01,500.0,52.9,S
2021-06-11T13:25:59,500.0,52.9,S
2021-06-11T13:25:57,1000.0,52.9,S
2021-06-11T13:25:52,2000.0,52.9,S
2021-06-11T13:25:51,4000.0,52.9,S
2021-06-11T13:25:49,1000.0,52.9,S
2021-06-11T13:25:48,500.0,52.9,S
2021-06-11T13:25:46,10000.0,52.9,S
2021-06-11T13:25:41,1000.0,53.0,B
2021-06-11T13:25:41,5000.0,52.8,S
2021-06-11T13:25:37,500.0,52.9,S
2021-06-11T13:25:37,400.0,52.8,S
2021-06-11T13:25:35,100.0,53.0,B
2021-06-11T13:25:34,100.0,53.0,B
2021-06-11T13:25:33,3000.0,53.0,B
2021-06-11T13:25:32,5000.0,52.8,S
2021-06-11T13:25:31,1200.0,52.8,S
2021-06-11T13:25:31,900.0,52.8,S
2021-06-11T13:25:30,1000.0,53.0,B
2021-06-11T13:25:30,19500.0,53.0,B
2021-06-11T13:25:30,1000.0,52.9,S
2021-06-11T13:25:30,9500.0,52.9,S
2021-06-11T13:25:29,100.0,52.9,S
2021-06-11T13:25:29,1000.0,52.9,S
2021-06-11T13:25:26,900.0,52.8,S
2021-06-11T13:25:21,1900.0,52.9,S
2021-06-11T13:25:21,6000.0,52.9,S
2021-06-11T13:25:21,100.0,52.8,S
2021-06-11T13:25:21,300.0,52.8,S
2021-06-11T13:25:20,1000.0,52.8,S
2021-06-11T13:25:17,1000.0,52.9,S
2021-06-11T13:25:15,3000.0,52.8,S
2021-06-11T13:25:13,200.0,52.9,S
2021-06-11T13:25:13,100.0,52.9,S
2021-06-11T13:25:13,600.0,52.9,S
2021-06-11T13:25:13,400.0,52.9,S
2021-06-11T13:25:12,100.0,53.0,B
2021-06-11T13:25:12,400.0,53.0,B
2021-06-11T13:25:09,1600.0,52.9,S
2021-06-11T13:25:09,300.0,52.8,S
2021-06-11T13:25:09,800.0,52.8,S
2021-06-11T13:25:09,1000.0,52.8,S
2021-06-11T13:25:09,300.0,52.8,S
2021-06-11T13:25:09,700.0,52.8,S
2021-06-11T13:25:09,800.0,52.8,S
2021-06-11T13:25:08,1100.0,52.8,S
2021-06-11T13:25:06,1000.0,52.9,S
2021-06-11T13:25:04,2500.0,52.8,S
2021-06-11T13:25:02,1800.0,52.8,S
2021-06-11T13:25:02,1400.0,52.8,S
2021-06-11T13:25:02,500.0,52.9,S
2021-06-11T13:25:02,300.0,52.9,S
2021-06-11T13:25:02,1400.0,52.9,S
2021-06-11T13:25:02,600.0,52.9,S
2021-06-11T13:25:00,100.0,53.0,B
2021-06-11T13:24:59,500.0,53.0,B
2021-06-11T13:24:59,500.0,53.0,B
2021-06-11T13:24:59,600.0,53.0,B
2021-06-11T13:24:58,300.0,53.0,B
2021-06-11T13:24:58,500.0,52.9,S
2021-06-11T13:24:57,3000.0,52.9,S
2021-06-11T13:24:54,2000.0,52.9,S
2021-06-11T13:24:52,1000.0,52.9,S
2021-06-11T13:24:51,1000.0,52.9,S
2021-06-11T13:24:51,2000.0,52.9,S
2021-06-11T13:24:49,300.0,52.9,S
2021-06-11T13:24:48,10000.0,53.0,B
2021-06-11T13:24:47,2000.0,52.9,S
2021-06-11T13:24:46,1000.0,52.9,S
2021-06-11T13:24:45,3000.0,53.0,B
2021-06-11T13:24:45,7300.0,52.9,S
2021-06-11T13:24:45,2700.0,52.9,S
2021-06-11T13:24:43,7300.0,53.0,B
2021-06-11T13:24:43,1000.0,53.0,B
2021-06-11T13:24:41,300.0,53.0,B
2021-06-11T13:24:40,2000.0,53.0,B
2021-06-11T13:24:35,2000.0,53.0,B
2021-06-11T13:24:34,300.0,52.9,S
2021-06-11T13:24:34,1000.0,52.9,S
2021-06-11T13:24:32,100.0,52.9,S
2021-06-11T13:24:27,500.0,52.9,S
2021-06-11T13:24:25,400.0,53.0,B
2021-06-11T13:24:25,5000.0,53.0,B
2021-06-11T13:24:21,700.0,53.0,B
2021-06-11T13:24:19,2300.0,52.9,S
2021-06-11T13:24:19,100.0,52.9,S
2021-06-11T13:24:19,2600.0,52.9,S
2021-06-11T13:24:17,300.0,52.9,S
2021-06-11T13:24:16,200.0,53.0,B
2021-06-11T13:24:16,4000.0,52.9,S
2021-06-11T13:24:12,1800.0,53.0,B
2021-06-11T13:24:09,100.0,53.0,B
2021-06-11T13:24:08,500.0,52.9,S
2021-06-11T13:24:05,800.0,53.0,B
2021-06-11T13:24:04,300.0,52.9,S
2021-06-11T13:24:02,1000.0,53.0,S
2021-06-11T13:24:00,1000.0,53.0,S
2021-06-11T13:23:56,31000.0,53.0,S
2021-06-11T13:23:55,700.0,53.0,S
2021-06-11T13:23:55,100.0,53.0,S
2021-06-11T13:23:54,1100.0,52.9,S
2021-06-11T13:23:54,300.0,53.0,S
2021-06-11T13:23:53,200.0,53.0,S
2021-06-11T13:23:53,500.0,52.9,S
2021-06-11T13:23:49,500.0,53.0,S
2021-06-11T13:23:48,5000.0,52.9,S
2021-06-11T13:23:47,1000.0,53.0,S
2021-06-11T13:23:46,500.0,53.0,S
2021-06-11T13:23:46,3000.0,53.0,S
2021-06-11T13:23:46,1000.0,53.0,S
2021-06-11T13:23:45,5000.0,53.0,S
2021-06-11T13:23:43,3300.0,52.9,S
2021-06-11T13:23:43,1000.0,52.9,S
2021-06-11T13:23:43,200.0,52.9,S
2021-06-11T13:23:43,300.0,52.9,S
2021-06-11T13:23:42,100.0,52.9,S
2021-06-11T13:23:41,1200.0,53.0,S
2021-06-11T13:23:41,1000.0,53.0,S
2021-06-11T13:23:35,600.0,53.0,S
2021-06-11T13:23:33,200.0,53.0,S
2021-06-11T13:23:28,200.0,53.0,S
2021-06-11T13:23:28,200.0,53.0,S
2021-06-11T13:23:27,400.0,52.9,S
2021-06-11T13:23:24,100.0,53.0,S
2021-06-11T13:23:23,1000.0,53.0,S
2021-06-11T13:23:22,1100.0,52.8,S
2021-06-11T13:23:22,1100.0,52.8,S
2021-06-11T13:23:22,1900.0,52.8,S
2021-06-11T13:23:21,100.0,53.0,S
2021-06-11T13:23:19,2000.0,53.0,S
2021-06-11T13:23:18,1500.0,53.0,S
2021-06-11T13:23:17,1100.0,52.8,S
2021-06-11T13:23:16,1600.0,52.8,S
2021-06-11T13:23:16,2500.0,52.8,S
2021-06-11T13:23:16,2500.0,52.9,S
2021-06-11T13:23:16,1000.0,52.9,S
2021-06-11T13:23:16,900.0,52.9,S
2021-06-11T13:23:16,300.0,52.9,S
2021-06-11T13:23:16,2800.0,52.9,S
2021-06-11T13:23:15,300.0,52.9,S
2021-06-11T13:23:15,600.0,52.9,S
2021-06-11T13:23:15,1200.0,52.9,S
2021-06-11T13:23:15,100.0,52.9,S
2021-06-11T13:23:15,5000.0,52.9,S
2021-06-11T13:23:15,300.0,52.9,S
2021-06-11T13:23:15,2500.0,52.9,S
2021-06-11T13:23:14,1000.0,53.0,S
2021-06-11T13:23:10,1600.0,52.9,S
2021-06-11T13:23:06,200.0,53.0,S
2021-06-11T13:23:04,1100.0,52.9,S
2021-06-11T13:23:04,800.0,53.0,S
2021-06-11T13:23:03,1000.0,53.0,S
2021-06-11T13:23:01,1000.0,53.0,S
2021-06-11T13:23:01,1000.0,53.0,S
2021-06-11T13:23:00,300.0,53.0,S
2021-06-11T13:22:57,1100.0,52.9,S
2021-06-11T13:22:57,100.0,52.9,S
2021-06-11T13:22:57,3100.0,52.9,S
2021-06-11T13:22:57,2100.0,52.9,S
2021-06-11T13:22:57,500.0,52.9,S
2021-06-11T13:22:57,6000.0,52.9,S
2021-06-11T13:22:53,1100.0,52.9,S
2021-06-11T13:22:52,2000.0,52.9,S
2021-06-11T13:22:52,100.0,53.0,S
2021-06-11T13:22:52,400.0,53.0,S
2021-06-11T13:22:50,800.0,52.9,S
2021-06-11T13:22:50,500.0,53.0,S
2021-06-11T13:22:50,300.0,52.9,S
2021-06-11T13:22:49,9700.0,52.9,S
2021-06-11T13:22:49,5000.0,52.9,S
2021-06-11T13:22:47,1100.0,52.9,S
2021-06-11T13:22:47,500.0,53.0,S
2021-06-11T13:22:47,200.0,53.0,S
2021-06-11T13:22:40,1000.0,53.0,S
2021-06-11T13:22:39,1100.0,52.9,S
2021-06-11T13:22:39,10700.0,52.9,S
2021-06-11T13:22:39,900.0,52.9,S
2021-06-11T13:22:35,100.0,53.0,S
2021-06-11T13:22:31,1100.0,52.9,S
2021-06-11T13:22:30,300.0,53.0,S
2021-06-11T13:22:29,200.0,53.0,S
2021-06-11T13:22:27,1100.0,52.9,S
2021-06-11T13:22:24,300.0,53.0,S
2021-06-11T13:22:23,600.0,53.0,S
2021-06-11T13:22:23,100.0,52.9,S
2021-06-11T13:22:22,1000.0,53.0,S
2021-06-11T13:22:21,400.0,53.0,S
2021-06-11T13:22:19,300.0,52.9,S
2021-06-11T13:22:19,800.0,52.9,S
2021-06-11T13:22:16,1000.0,53.0,S
2021-06-11T13:22:16,300.0,53.0,S
2021-06-11T13:22:14,1100.0,52.9,S
2021-06-11T13:22:12,4000.0,52.9,S
2021-06-11T13:22:12,500.0,53.0,S
2021-06-11T13:22:11,400.0,53.0,S
2021-06-11T13:22:10,500.0,53.0,S
2021-06-11T13:22:09,100.0,52.9,S
2021-06-11T13:22:09,1000.0,52.9,S
2021-06-11T13:22:07,300.0,53.0,S
2021-06-11T13:22:06,100.0,53.0,S
2021-06-11T13:22:05,1000.0,53.0,S
2021-06-11T13:22:04,500.0,53.0,S
2021-06-11T13:22:03,2000.0,53.0,S
2021-06-11T13:22:01,600.0,53.0,S
2021-06-11T13:21:59,1000.0,53.0,S
2021-06-11T13:21:57,1100.0,52.9,S
2021-06-11T13:21:57,200.0,53.0,S
2021-06-11T13:21:56,1000.0,53.0,S
2021-06-11T13:21:55,1000.0,53.0,S
2021-06-11T13:21:53,300.0,53.0,S
2021-06-11T13:21:53,100.0,53.0,S
2021-06-11T13:21:53,2000.0,53.0,S
2021-06-11T13:21:53,500.0,53.0,S
2021-06-11T13:21:52,100.0,53.0,S
2021-06-11T13:21:51,2000.0,53.0,S
2021-06-11T13:21:47,100.0,53.0,S
2021-06-11T13:21:47,1900.0,53.0,S
2021-06-11T13:21:45,600.0,52.9,S
2021-06-11T13:21:44,500.0,52.9,S
2021-06-11T13:21:44,2000.0,52.9,S
2021-06-11T13:21:43,6100.0,53.0,S
2021-06-11T13:21:43,1200.0,53.0,S
2021-06-11T13:21:43,2100.0,53.0,S
2021-06-11T13:21:43,4100.0,53.0,S
2021-06-11T13:21:43,3000.0,53.0,S
2021-06-11T13:21:43,10900.0,53.0,S
2021-06-11T13:21:36,100.0,53.1,B
2021-06-11T13:21:36,3200.0,53.1,B
2021-06-11T13:21:34,5000.0,53.0,S
2021-06-11T13:21:34,300.0,53.0,S
2021-06-11T13:21:34,1700.0,53.0,S
2021-06-11T13:21:34,7400.0,53.0,S
2021-06-11T13:21:34,1700.0,53.0,S
2021-06-11T13:21:34,200.0,53.0,S
2021-06-11T13:21:34,10700.0,53.0,S
2021-06-11T13:21:33,3100.0,53.0,S
2021-06-11T13:21:32,100.0,53.0,S
2021-06-11T13:21:32,1200.0,53.0,S
2021-06-11T13:21:32,400.0,53.0,S
2021-06-11T13:21:32,100.0,53.0,S
2021-06-11T13:21:31,100.0,53.0,S
2021-06-11T13:21:26,100.0,53.0,S
2021-06-11T13:21:25,1100.0,53.0,S
2021-06-11T13:21:24,600.0,53.0,S
2021-06-11T13:21:24,400.0,53.0,S
2021-06-11T13:21:22,3000.0,53.1,B
2021-06-11T13:21:20,1900.0,53.0,S
2021-06-11T13:21:20,200.0,53.0,S
2021-06-11T13:21:20,100.0,53.0,S
2021-06-11T13:21:20,3200.0,53.0,S
2021-06-11T13:21:20,1600.0,53.0,S
2021-06-11T13:21:20,1200.0,53.0,S
2021-06-11T13:21:18,23900.0,53.0,S
2021-06-11T13:21:18,8100.0,53.0,S
2021-06-11T13:21:16,4000.0,53.1,B
2021-06-11T13:21:16,1100.0,53.1,B
2021-06-11T13:21:14,39900.0,53.0,S
2021-06-11T13:21:14,1200.0,53.0,S
2021-06-11T13:21:14,500.0,53.0,S
2021-06-11T13:21:14,100.0,53.0,S
2021-06-11T13:21:14,8300.0,53.0,S
2021-06-11T13:21:12,1000.0,53.1,B
2021-06-11T13:21:12,4300.0,53.1,B
2021-06-11T13:21:10,1000.0,53.0,S
2021-06-11T13:21:10,200.0,53.0,S
2021-06-11T13:21:08,1100.0,53.0,S
2021-06-11T13:21:07,100.0,53.0,S
2021-06-11T13:21:05,1000.0,53.1,B
2021-06-11T13:21:04,2000.0,53.1,B
2021-06-11T13:21:03,300.0,53.0,S
2021-06-11T13:21:03,2000.0,53.0,S
2021-06-11T13:21:03,1400.0,53.0,S
2021-06-11T13:21:03,200.0,53.0,S
2021-06-11T13:21:03,1000.0,53.0,S
2021-06-11T13:21:03,4500.0,53.0,S
2021-06-11T13:21:02,100.0,53.0,S
2021-06-11T13:21:02,1000.0,53.0,S
2021-06-11T13:21:01,300.0,53.1,B
2021-06-11T13:21:01,2000.0,53.0,S
2021-06-11T13:21:00,100.0,53.0,S
2021-06-11T13:20:59,2000.0,53.1,B
2021-06-11T13:20:59,1500.0,53.0,S
2021-06-11T13:20:59,3800.0,53.0,S
2021-06-11T13:20:59,100.0,53.0,S
2021-06-11T13:20:59,7600.0,53.0,S
2021-06-11T13:20:58,600.0,53.1,B
2021-06-11T13:20:58,500.0,53.1,B
2021-06-11T13:20:58,1100.0,53.0,S
2021-06-11T13:20:56,1000.0,53.1,B
2021-06-11T13:20:55,1000.0,53.1,B
2021-06-11T13:20:53,2800.0,53.1,B
2021-06-11T13:20:52,500.0,53.0,S
2021-06-11T13:20:51,2000.0,53.1,B
2021-06-11T13:20:51,100.0,53.0,S
2021-06-11T13:20:50,1500.0,53.1,B
2021-06-11T13:20:50,2000.0,53.1,B
2021-06-11T13:20:47,200.0,53.1,B
2021-06-11T13:20:46,2500.0,53.1,B
2021-06-11T13:20:45,1000.0,53.1,B
2021-06-11T13:20:41,100.0,53.0,S
2021-06-11T13:20:41,300.0,53.1,B
2021-06-11T13:20:38,2200.0,53.0,S
2021-06-11T13:20:38,2000.0,53.0,S
2021-06-11T13:20:38,8600.0,53.0,S
2021-06-11T13:20:38,500.0,53.0,S
2021-06-11T13:20:38,19100.0,53.0,S
2021-06-11T13:20:38,600.0,53.0,S
2021-06-11T13:20:38,3000.0,53.0,S
2021-06-11T13:20:38,3300.0,53.0,S
2021-06-11T13:20:38,200.0,53.0,S
2021-06-11T13:20:38,1700.0,53.0,S
2021-06-11T13:20:38,6000.0,53.0,S
2021-06-11T13:20:38,1600.0,53.0,S
2021-06-11T13:20:38,1200.0,53.0,S
2021-06-11T13:20:36,300.0,53.1,B
2021-06-11T13:20:35,200.0,53.1,B
2021-06-11T13:20:34,1300.0,53.1,B
2021-06-11T13:20:33,100.0,53.0,S
2021-06-11T13:20:33,500.0,53.1,B
2021-06-11T13:20:30,2000.0,53.1,B
2021-06-11T13:20:30,500.0,53.0,S
2021-06-11T13:20:30,300.0,53.0,S
2021-06-11T13:20:30,3400.0,53.0,S
2021-06-11T13:20:30,800.0,53.0,S
2021-06-11T13:20:29,1000.0,53.1,B
2021-06-11T13:20:28,1400.0,53.0,S
2021-06-11T13:20:28,1300.0,53.0,S
2021-06-11T13:20:28,100.0,53.0,S
2021-06-11T13:20:28,1300.0,53.0,S
2021-06-11T13:20:28,900.0,53.0,S
2021-06-11T13:20:28,3100.0,53.0,S
2021-06-11T13:20:27,500.0,53.1,B
2021-06-11T13:20:24,1100.0,53.0,S
2021-06-11T13:20:23,100.0,53.1,B
2021-06-11T13:20:23,1300.0,53.1,B
2021-06-11T13:20:23,800.0,53.0,S
2021-06-11T13:20:23,100.0,53.0,S
2021-06-11T13:20:23,3100.0,53.0,S
2021-06-11T13:20:22,200.0,53.1,B
2021-06-11T13:20:19,13000.0,53.0,S
2021-06-11T13:20:19,400.0,53.1,B
2021-06-11T13:20:19,3000.0,53.1,B
2021-06-11T13:20:18,200.0,53.0,S
2021-06-11T13:20:17,3000.0,53.1,B
2021-06-11T13:20:11,200.0,53.1,B
2021-06-11T13:20:10,900.0,53.1,B
2021-06-11T13:20:09,100.0,53.1,B
2021-06-11T13:20:08,4000.0,53.1,B
2021-06-11T13:20:08,5300.0,53.0,S
2021-06-11T13:20:08,12000.0,53.0,S
2021-06-11T13:20:07,600.0,53.0,S
2021-06-11T13:20:05,100.0,53.0,S
2021-06-11T13:20:05,500.0,53.1,S
2021-06-11T13:20:03,800.0,53.1,S
2021-06-11T13:20:02,300.0,53.1,S
2021-06-11T13:20:02,2600.0,53.1,S
2021-06-11T13:19:59,1000.0,53.1,S
2021-06-11T13:19:59,1600.0,53.1,S
2021-06-11T13:19:57,100.0,53.0,S
2021-06-11T13:19:56,2000.0,53.1,S
2021-06-11T13:19:55,4700.0,53.1,S
2021-06-11T13:19:53,1700.0,53.1,S
2021-06-11T13:19:50,500.0,53.1,S
2021-06-11T13:19:48,1000.0,53.0,S
2021-06-11T13:19:47,100.0,53.0,S
2021-06-11T13:19:46,100.0,53.0,S
2021-06-11T13:19:46,19400.0,53.1,S
2021-06-11T13:19:46,100.0,53.1,S
2021-06-11T13:19:45,15000.0,53.1,S
2021-06-11T13:19:45,100.0,53.1,S
2021-06-11T13:19:44,2000.0,53.0,S
2021-06-11T13:19:43,1000.0,53.1,S
2021-06-11T13:19:41,300.0,53.1,S
2021-06-11T13:19:39,100.0,53.0,S
2021-06-11T13:19:34,5000.0,53.1,S
2021-06-11T13:19:33,8200.0,53.1,S
2021-06-11T13:19:33,1300.0,53.1,S
2021-06-11T13:19:32,200.0,53.1,S
2021-06-11T13:19:31,200.0,53.0,S
2021-06-11T13:19:29,600.0,53.1,S
2021-06-11T13:19:29,3000.0,53.1,S
2021-06-11T13:19:26,1000.0,53.1,S
2021-06-11T13:19:25,4300.0,53.0,S
2021-06-11T13:19:24,700.0,53.0,S
2021-06-11T13:19:23,200.0,53.1,S
2021-06-11T13:19:23,200.0,53.1,S
2021-06-11T13:19:23,200.0,53.1,S
2021-06-11T13:19:20,3100.0,53.0,S
2021-06-11T13:19:19,1500.0,53.1,S
2021-06-11T13:19:19,3500.0,53.0,S
2021-06-11T13:19:19,1400.0,53.0,S
2021-06-11T13:19:19,1100.0,53.0,S
2021-06-11T13:19:19,300.0,53.1,S
2021-06-11T13:19:18,100.0,53.1,S
2021-06-11T13:19:16,2000.0,53.1,S
2021-06-11T13:19:15,200.0,53.1,S
2021-06-11T13:19:15,400.0,53.1,S
2021-06-11T13:19:14,100.0,53.0,S
2021-06-11T13:19:13,700.0,53.1,S
2021-06-11T13:19:11,500.0,53.1,S
2021-06-11T13:19:11,900.0,53.1,S
2021-06-11T13:19:10,1500.0,53.1,S
2021-06-11T13:19:07,600.0,53.1,S
2021-06-11T13:19:06,500.0,53.1,S
2021-06-11T13:19:05,100.0,53.0,S
2021-06-11T13:19:04,200.0,53.1,S
2021-06-11T13:19:04,200.0,53.1,S
2021-06-11T13:19:03,100.0,53.1,S
2021-06-11T13:19:03,500.0,53.1,S
2021-06-11T13:19:03,5000.0,53.0,S
2021-06-11T13:19:02,2000.0,53.1,S
2021-06-11T13:19:02,2000.0,53.1,S
2021-06-11T13:19:01,3700.0,53.1,S
2021-06-11T13:18:59,1000.0,53.1,S
2021-06-11T13:18:59,2100.0,53.1,S
2021-06-11T13:18:57,2500.0,53.0,S
2021-06-11T13:18:57,100.0,53.1,S
2021-06-11T13:18:56,2000.0,53.2,B
2021-06-11T13:18:55,100.0,53.1,S
2021-06-11T13:18:54,400.0,53.1,S
2021-06-11T13:18:52,9600.0,53.0,S
2021-06-11T13:18:52,1200.0,53.0,S
2021-06-11T13:18:52,4100.0,53.0,S
2021-06-11T13:18:52,3200.0,53.0,S
2021-06-11T13:18:51,400.0,53.0,S
2021-06-11T13:18:51,19000.0,53.0,S
2021-06-11T13:18:51,1300.0,53.1,S
2021-06-11T13:18:51,3000.0,53.1,S
2021-06-11T13:18:51,500.0,53.1,S
2021-06-11T13:18:50,1400.0,53.1,S
2021-06-11T13:18:50,3300.0,53.1,S
2021-06-11T13:18:50,3000.0,53.1,S
2021-06-11T13:18:50,20000.0,53.1,S
2021-06-11T13:18:49,1000.0,53.2,B
2021-06-11T13:18:48,100.0,53.2,B
2021-06-11T13:18:48,3000.0,53.1,S
2021-06-11T13:18:48,4500.0,53.2,B
2021-06-11T13:18:47,300.0,53.1,S
2021-06-11T13:18:47,2100.0,53.1,S
2021-06-11T13:18:46,3000.0,53.1,S
2021-06-11T13:18:43,2900.0,53.2,B
2021-06-11T13:18:43,1000.0,53.2,B
2021-06-11T13:18:37,500.0,53.2,B
2021-06-11T13:18:36,13500.0,53.1,S
2021-06-11T13:18:36,300.0,53.2,B
2021-06-11T13:18:36,200.0,53.1,S
2021-06-11T13:18:28,300.0,53.1,S
2021-06-11T13:18:27,400.0,53.1,S
2021-06-11T13:18:24,100.0,53.1,S
2021-06-11T13:18:22,1000.0,53.2,B
2021-06-11T13:18:21,2000.0,53.1,S
2021-06-11T13:18:21,3000.0,53.2,B
2021-06-11T13:18:21,800.0,53.1,S
2021-06-11T13:18:20,1200.0,53.1,S
2021-06-11T13:18:18,1000.0,53.1,S
2021-06-11T13:18:16,900.0,53.1,S
2021-06-11T13:18:16,4100.0,53.1,S
2021-06-11T13:18:09,900.0,53.2,B
2021-06-11T13:18:09,300.0,53.1,S
2021-06-11T13:18:06,10000.0,53.1,S
2021-06-11T13:18:03,100.0,53.1,S
2021-06-11T13:18:01,200.0,53.1,S
2021-06-11T13:18:00,2000.0,53.2,B
2021-06-11T13:17:58,9800.0,53.1,S
2021-06-11T13:17:58,900.0,53.1,S
2021-06-11T13:17:58,1300.0,53.1,S
2021-06-11T13:17:58,4000.0,53.1,S
2021-06-11T13:17:58,2500.0,53.1,S
2021-06-11T13:17:58,6500.0,53.1,S
2021-06-11T13:17:58,100.0,53.1,S
2021-06-11T13:17:56,100.0,53.1,S
2021-06-11T13:17:52,500.0,53.2,B
2021-06-11T13:17:52,2000.0,53.1,S
2021-06-11T13:17:51,1100.0,53.1,S
2021-06-11T13:17:48,800.0,53.1,S
2021-06-11T13:17:46,1800.0,53.1,S
2021-06-11T13:17:46,29000.0,53.1,S
2021-06-11T13:17:46,2000.0,53.1,S
2021-06-11T13:17:46,1200.0,53.1,S
2021-06-11T13:17:46,2000.0,53.1,S
2021-06-11T13:17:46,4100.0,53.1,S
2021-06-11T13:17:46,600.0,53.1,S
2021-06-11T13:17:45,11100.0,53.1,S
2021-06-11T13:17:45,100.0,53.1,S
2021-06-11T13:17:44,5000.0,53.1,S
2021-06-11T13:17:43,400.0,53.2,B
2021-06-11T13:17:38,2100.0,53.1,S
2021-06-11T13:17:38,500.0,53.1,S
2021-06-11T13:17:35,100.0,53.1,S
2021-06-11T13:17:29,300.0,53.1,S
2021-06-11T13:17:28,300.0,53.2,B
2021-06-11T13:17:27,5000.0,53.2,B
2021-06-11T13:17:23,1000.0,53.2,B
2021-06-11T13:17:21,300.0,53.1,S
2021-06-11T13:17:20,500.0,53.2,B
2021-06-11T13:17:20,2000.0,53.2,B
2021-06-11T13:17:20,100.0,53.2,B
2021-06-11T13:17:17,1800.0,53.2,B
2021-06-11T13:17:17,800.0,53.2,B
2021-06-11T13:17:16,5600.0,53.2,B
2021-06-11T13:17:15,100.0,53.1,S
2021-06-11T13:17:14,100.0,53.2,B
2021-06-11T13:17:12,200.0,53.2,B
2021-06-11T13:17:12,5000.0,53.1,S
2021-06-11T13:17:10,1000.0,53.2,B
2021-06-11T13:17:09,700.0,53.1,S
2021-06-11T13:17:09,10000.0,53.2,B
2021-06-11T13:17:08,1000.0,53.1,S
2021-06-11T13:17:08,100.0,53.1,S
2021-06-11T13:17:04,9900.0,53.1,S
2021-06-11T13:17:02,200.0,53.1,S
2021-06-11T13:17:00,400.0,53.2,B
2021-06-11T13:17:00,1100.0,53.1,S
2021-06-11T13:16:59,800.0,53.2,B
2021-06-11T13:16:59,2600.0,53.2,B
2021-06-11T13:16:59,100.0,53.1,S
2021-06-11T13:16:56,2600.0,53.2,B
2021-06-11T13:16:55,5800.0,53.2,B
2021-06-11T13:16:52,200.0,53.1,S
2021-06-11T13:16:51,4000.0,53.1,S
2021-06-11T13:16:50,1000.0,53.1,S
2021-06-11T13:16:50,12000.0,53.2,B
2021-06-11T13:16:49,500.0,53.1,S
2021-06-11T13:16:46,500.0,53.2,B
2021-06-11T13:16:44,100.0,53.2,B
2021-06-11T13:16:41,100.0,53.1,B
2021-06-11T13:16:39,40700.0,53.2,B
2021-06-11T13:16:39,1500.0,53.2,B
2021-06-11T13:16:39,3100.0,53.2,B
2021-06-11T13:16:39,1100.0,53.2,B
2021-06-11T13:16:39,3300.0,53.2,B
2021-06-11T13:16:39,200.0,53.2,B
2021-06-11T13:16:39,15200.0,53.2,B
2021-06-11T13:16:35,500.0,53.1,B
2021-06-11T13:16:35,500.0,53.2,B
2021-06-11T13:16:34,1000.0,53.2,B
2021-06-11T13:16:34,200.0,53.1,B
2021-06-11T13:16:32,3300.0,53.2,B
2021-06-11T13:16:32,100.0,53.1,B
2021-06-11T13:16:27,200.0,53.2,B
2021-06-11T13:16:26,500.0,53.2,B
2021-06-11T13:16:26,100.0,53.2,B
2021-06-11T13:16:25,100.0,53.1,B
2021-06-11T13:16:24,1500.0,53.2,B
2021-06-11T13:16:23,500.0,53.2,B
2021-06-11T13:16:21,900.0,53.1,B
2021-06-11T13:16:21,3800.0,53.1,B
2021-06-11T13:16:21,2300.0,53.1,B
2021-06-11T13:16:20,3000.0,53.1,B
2021-06-11T13:16:20,1000.0,53.2,B
2021-06-11T13:16:20,400.0,53.1,B
2021-06-11T13:16:19,5000.0,53.1,B
2021-06-11T13:16:17,200.0,53.2,B
2021-06-11T13:16:15,100.0,53.1,B
2021-06-11T13:16:15,200.0,53.2,B
2021-06-11T13:16:09,4700.0,53.2,B
2021-06-11T13:16:09,100.0,53.1,B
2021-06-11T13:16:09,100.0,53.1,B
2021-06-11T13:16:09,1200.0,53.1,B
2021-06-11T13:16:09,5500.0,53.1,B
2021-06-11T13:16:09,20500.0,53.1,B
2021-06-11T13:16:08,12700.0,53.1,B
2021-06-11T13:16:08,1200.0,53.2,B
2021-06-11T13:16:07,2000.0,53.2,B
2021-06-11T13:16:07,1000.0,53.1,B
2021-06-11T13:16:07,1000.0,53.1,B
2021-06-11T13:16:06,900.0,53.2,B
2021-06-11T13:16:03,7000.0,53.2,B
2021-06-11T13:16:02,1000.0,53.2,B
2021-06-11T13:16:02,8000.0,53.2,B
2021-06-11T13:16:01,10000.0,53.1,B
2021-06-11T13:16:00,2200.0,53.1,B
2021-06-11T13:15:59,500.0,53.1,B
2021-06-11T13:15:58,200.0,53.1,B
2021-06-11T13:15:58,1000.0,53.2,B
2021-06-11T13:15:56,600.0,53.1,B
2021-06-11T13:15:56,3000.0,53.1,B
2021-06-11T13:15:53,5000.0,53.1,B
2021-06-11T13:15:53,100.0,53.1,B
2021-06-11T13:15:52,3000.0,53.2,B
2021-06-11T13:15:49,3000.0,53.2,B
2021-06-11T13:15:46,1500.0,53.2,B
2021-06-11T13:15:45,100.0,53.2,B
2021-06-11T13:15:43,500.0,53.2,B
2021-06-11T13:15:42,1000.0,53.2,B
2021-06-11T13:15:39,100.0,53.2,B
2021-06-11T13:15:39,1900.0,53.2,B
2021-06-11T13:15:38,800.0,53.2,B
2021-06-11T13:15:37,2800.0,53.0,S
2021-06-11T13:15:37,7100.0,53.0,S
2021-06-11T13:15:37,12200.0,53.0,S
2021-06-11T13:15:37,2100.0,53.0,S
2021-06-11T13:15:37,1600.0,53.0,S
2021-06-11T13:15:37,2700.0,53.0,S
2021-06-11T13:15:37,800.0,53.0,S
2021-06-11T13:15:37,300.0,53.0,S
2021-06-11T13:15:37,20400.0,53.0,S
2021-06-11T13:15:37,2000.0,53.2,B
2021-06-11T13:15:36,100.0,53.1,B
2021-06-11T13:15:36,2000.0,53.2,B
2021-06-11T13:15:36,300.0,53.2,B
2021-06-11T13:15:36,700.0,53.2,B
2021-06-11T13:15:36,1000.0,53.2,B
2021-06-11T13:15:35,2000.0,53.1,B
2021-06-11T13:15:33,3000.0,53.1,B
2021-06-11T13:15:33,500.0,53.2,B
2021-06-11T13:15:31,3000.0,53.2,B
2021-06-11T13:15:29,2400.0,53.0,S
2021-06-11T13:15:29,3100.0,53.0,S
2021-06-11T13:15:28,100.0,53.1,B
2021-06-11T13:15:27,100.0,53.2,B
2021-06-11T13:15:27,100.0,53.1,B
2021-06-11T13:15:27,300.0,53.1,B
2021-06-11T13:15:26,1500.0,53.1,B
2021-06-11T13:15:25,100.0,53.1,B
2021-06-11T13:15:24,100.0,53.1,B
2021-06-11T13:15:24,1000.0,53.1,B
2021-06-11T13:15:24,1800.0,53.1,B
2021-06-11T13:15:23,100.0,53.1,B
2021-06-11T13:15:23,2000.0,53.1,B
2021-06-11T13:15:22,200.0,53.0,S
2021-06-11T13:15:20,10200.0,53.1,B
2021-06-11T13:15:19,5000.0,53.1,B
2021-06-11T13:15:18,2200.0,53.1,B
2021-06-11T13:15:16,4000.0,53.1,B
2021-06-11T13:15:16,200.0,53.1,B
2021-06-11T13:15:16,1500.0,53.1,B
2021-06-11T13:15:16,10600.0,53.1,B
2021-06-11T13:15:16,3100.0,53.1,B
2021-06-11T13:15:15,6200.0,53.1,B
2021-06-11T13:15:14,1000.0,53.1,B
2021-06-11T13:15:11,100.0,53.1,B
2021-06-11T13:15:11,1000.0,53.2,B
2021-06-11T13:15:09,400.0,53.1,B
2021-06-11T13:15:09,300.0,53.2,B
2021-06-11T13:15:09,500.0,53.1,B
2021-06-11T13:15:06,2000.0,53.2,B
2021-06-11T13:15:04,100.0,53.1,B
2021-06-11T13:15:02,4000.0,53.1,B
2021-06-11T13:15:01,3000.0,53.1,B
2021-06-11T13:15:01,500.0,53.2,B
2021-06-11T13:14:58,3000.0,53.2,B
2021-06-11T13:14:58,5000.0,53.2,B
2021-06-11T13:14:57,500.0,53.1,B
2021-06-11T13:14:57,500.0,53.1,B
2021-06-11T13:14:53,300.0,53.2,B
2021-06-11T13:14:53,1000.0,53.1,B
2021-06-11T13:14:52,200.0,53.1,B
2021-06-11T13:14:51,100.0,53.1,B
2021-06-11T13:14:49,400.0,53.2,B
2021-06-11T13:14:45,200.0,53.1,B
2021-06-11T13:14:45,4000.0,53.2,B
2021-06-11T13:14:42,2000.0,53.2,B
2021-06-11T13:14:41,38000.0,53.2,B
2021-06-11T13:14:39,100.0,53.1,B
2021-06-11T13:14:34,2000.0,53.1,B
2021-06-11T13:14:31,200.0,53.1,B
2021-06-11T13:14:27,500.0,53.1,B
2021-06-11T13:14:24,100.0,53.1,B
2021-06-11T13:14:24,400.0,53.2,B
2021-06-11T13:14:23,100.0,53.1,B
2021-06-11T13:14:22,400.0,53.1,B
2021-06-11T13:14:21,600.0,53.1,B
2021-06-11T13:14:20,1000.0,53.2,B
2021-06-11T13:14:19,1500.0,53.2,B
2021-06-11T13:14:18,100.0,53.1,B
2021-06-11T13:14:17,100.0,53.1,B
2021-06-11T13:14:16,15000.0,53.1,B
2021-06-11T13:14:14,200.0,53.1,B
2021-06-11T13:14:12,1000.0,53.1,B
2021-06-11T13:14:10,5500.0,53.2,B
2021-06-11T13:14:10,2400.0,53.1,B
2021-06-11T13:14:09,100.0,53.1,B
2021-06-11T13:14:09,2500.0,53.2,B
2021-06-11T13:14:09,8300.0,53.1,B
2021-06-11T13:14:09,600.0,53.1,B
2021-06-11T13:14:09,600.0,53.1,B
2021-06-11T13:14:08,100.0,53.1,B
2021-06-11T13:14:08,5100.0,53.1,B
2021-06-11T13:14:07,1000.0,53.1,B
2021-06-11T13:14:06,1000.0,53.1,B
2021-06-11T13:14:06,1000.0,53.1,B
2021-06-11T13:14:04,100.0,53.1,B
2021-06-11T13:14:04,400.0,53.1,B
