tradingTime,volume,price,side
2021-06-11T14:29:21,100.0,35.8,S
2021-06-11T14:28:05,700.0,35.8,S
2021-06-11T14:27:51,100.0,35.8,S
2021-06-11T14:27:38,100.0,35.8,S
2021-06-11T14:23:55,300.0,35.8,S
2021-06-11T14:22:53,900.0,35.8,S
2021-06-11T14:22:53,2300.0,35.8,S
2021-06-11T14:22:53,200.0,35.8,S
2021-06-11T14:15:08,200.0,35.85,B
2021-06-11T14:11:52,500.0,35.85,B
2021-06-11T14:10:35,100.0,35.85,B
2021-06-11T14:07:22,500.0,35.85,B
2021-06-11T14:05:25,100.0,35.8,S
2021-06-11T14:02:59,2400.0,35.8,S
2021-06-11T14:02:19,100.0,35.85,B
2021-06-11T14:00:03,500.0,35.85,B
2021-06-11T13:59:33,500.0,35.85,B
2021-06-11T13:56:27,100.0,35.85,B
2021-06-11T13:55:24,1900.0,35.8,B
2021-06-11T13:55:04,100.0,35.8,B
2021-06-11T13:54:29,1900.0,35.8,B
2021-06-11T13:50:40,1200.0,35.8,S
2021-06-11T13:49:46,4800.0,35.8,S
2021-06-11T13:45:27,100.0,35.8,S
2021-06-11T13:43:54,100.0,35.8,S
2021-06-11T13:43:39,5200.0,35.75,S
2021-06-11T13:43:39,500.0,35.75,S
2021-06-11T13:43:38,100.0,35.75,S
2021-06-11T13:41:26,300.0,35.75,S
2021-06-11T13:41:26,2700.0,35.75,S
2021-06-11T13:38:42,200.0,35.75,S
2021-06-11T13:36:08,600.0,35.8,S
2021-06-11T13:36:08,4100.0,35.8,S
2021-06-11T13:36:08,2000.0,35.8,S
2021-06-11T13:34:26,200.0,35.85,S
2021-06-11T13:31:14,400.0,35.9,B
2021-06-11T13:30:17,200.0,35.9,B
2021-06-11T13:29:37,100.0,35.9,B
2021-06-11T13:28:11,1000.0,35.9,B
2021-06-11T13:27:51,500.0,35.8,S
2021-06-11T13:26:10,400.0,35.85,S
2021-06-11T13:22:15,500.0,35.85,B
2021-06-11T13:22:02,3100.0,35.85,B
2021-06-11T13:19:02,1000.0,35.8,S
2021-06-11T13:14:41,500.0,35.8,S
2021-06-11T13:06:09,100.0,35.8,S
2021-06-11T13:06:09,100.0,35.8,S
2021-06-11T13:06:09,700.0,35.8,S
2021-06-11T13:06:09,3500.0,35.8,S
2021-06-11T13:06:09,500.0,35.8,S
2021-06-11T13:06:09,1200.0,35.8,S
2021-06-11T13:06:09,6600.0,35.8,S
2021-06-11T11:28:47,100.0,35.8,S
2021-06-11T11:27:42,800.0,35.85,B
2021-06-11T11:27:28,900.0,35.85,B
2021-06-11T11:26:11,900.0,35.85,B
2021-06-11T11:26:10,1000.0,35.85,B
2021-06-11T11:23:04,300.0,35.85,B
2021-06-11T11:21:29,100.0,35.85,B
2021-06-11T11:21:08,100.0,35.85,B
2021-06-11T11:20:44,200.0,35.85,B
2021-06-11T11:20:15,200.0,35.9,S
2021-06-11T11:19:52,600.0,35.9,B
2021-06-11T11:19:25,400.0,35.9,S
2021-06-11T11:18:45,700.0,35.95,B
2021-06-11T11:18:08,4700.0,35.9,B
2021-06-11T11:18:08,1000.0,35.85,S
2021-06-11T11:18:08,1000.0,35.85,S
2021-06-11T11:18:01,100.0,35.9,B
2021-06-11T11:17:34,200.0,35.9,S
2021-06-11T11:15:25,1100.0,35.95,B
2021-06-11T11:11:50,100.0,35.95,B
2021-06-11T11:11:33,300.0,35.95,B
2021-06-11T11:10:07,300.0,35.95,B
2021-06-11T11:07:39,1000.0,35.95,B
2021-06-11T11:06:49,7000.0,35.85,S
2021-06-11T11:05:00,1000.0,35.95,B
2021-06-11T11:02:39,100.0,35.9,B
2021-06-11T11:02:38,2400.0,35.9,B
2021-06-11T11:00:40,1000.0,35.9,B
2021-06-11T10:54:43,2300.0,35.8,S
2021-06-11T10:54:43,2700.0,35.8,S
2021-06-11T10:54:12,400.0,35.85,B
2021-06-11T10:53:37,1000.0,35.85,B
2021-06-11T10:52:23,300.0,35.85,B
2021-06-11T10:52:13,3300.0,35.85,B
2021-06-11T10:51:11,5000.0,35.85,B
2021-06-11T10:48:54,1000.0,35.85,B
2021-06-11T10:48:50,700.0,35.8,S
2021-06-11T10:48:05,300.0,35.8,S
2021-06-11T10:47:28,700.0,35.8,S
2021-06-11T10:47:20,500.0,35.8,S
2021-06-11T10:47:18,200.0,35.8,S
2021-06-11T10:46:57,1500.0,35.8,S
2021-06-11T10:44:00,1000.0,35.8,S
2021-06-11T10:42:41,2000.0,35.9,B
2021-06-11T10:42:34,200.0,35.8,B
2021-06-11T10:42:20,600.0,35.8,S
2021-06-11T10:40:53,700.0,35.8,S
2021-06-11T10:40:16,1400.0,35.8,S
2021-06-11T10:38:34,900.0,35.8,S
2021-06-11T10:38:27,200.0,35.9,B
2021-06-11T10:36:56,200.0,35.9,B
2021-06-11T10:36:05,4000.0,35.9,B
2021-06-11T10:34:53,800.0,35.8,S
2021-06-11T10:34:44,300.0,35.9,B
2021-06-11T10:31:45,500.0,35.9,B
2021-06-11T10:31:05,500.0,35.9,B
2021-06-11T10:30:50,100.0,35.9,S
2021-06-11T10:30:50,3100.0,35.9,S
2021-06-11T10:30:24,5000.0,35.9,S
2021-06-11T10:29:41,3700.0,35.9,B
2021-06-11T10:29:00,1300.0,35.9,S
2021-06-11T10:28:25,3700.0,35.9,B
2021-06-11T10:27:33,1000.0,35.9,B
2021-06-11T10:27:33,200.0,35.9,B
2021-06-11T10:27:04,300.0,35.9,B
2021-06-11T10:27:02,700.0,35.8,S
2021-06-11T10:26:45,5000.0,35.9,B
2021-06-11T10:26:41,1000.0,35.9,B
2021-06-11T10:24:30,500.0,35.9,B
2021-06-11T10:24:30,500.0,35.9,B
2021-06-11T10:23:52,10000.0,35.75,S
2021-06-11T10:22:23,700.0,35.8,B
2021-06-11T10:22:09,300.0,35.8,B
2021-06-11T10:22:00,1100.0,35.8,B
2021-06-11T10:21:21,1000.0,35.8,B
2021-06-11T10:21:08,1900.0,35.8,S
2021-06-11T10:20:49,1000.0,35.9,B
2021-06-11T10:19:58,1700.0,35.8,S
2021-06-11T10:19:58,700.0,35.8,S
2021-06-11T10:19:58,9300.0,35.8,S
2021-06-11T10:19:58,2100.0,35.8,S
2021-06-11T10:19:31,1700.0,35.85,B
2021-06-11T10:19:21,200.0,35.85,B
2021-06-11T10:19:04,100.0,35.8,S
2021-06-11T10:17:56,500.0,35.85,B
2021-06-11T10:16:49,100.0,35.8,S
2021-06-11T10:14:05,100.0,35.85,S
2021-06-11T10:13:38,1000.0,35.9,B
2021-06-11T10:12:30,2100.0,35.9,B
2021-06-11T10:11:19,200.0,35.9,B
2021-06-11T10:09:32,1000.0,35.9,B
2021-06-11T10:08:46,800.0,35.9,B
2021-06-11T10:07:45,100.0,35.9,B
2021-06-11T10:07:34,1000.0,35.8,S
2021-06-11T10:07:31,800.0,35.8,S
2021-06-11T10:07:31,1000.0,35.8,S
2021-06-11T10:07:30,200.0,35.85,S
2021-06-11T10:04:25,100.0,35.8,B
2021-06-11T10:04:23,900.0,35.8,B
2021-06-11T10:04:22,900.0,35.8,B
2021-06-11T10:04:11,700.0,35.8,B
2021-06-11T10:04:05,2000.0,35.8,B
2021-06-11T10:04:03,1000.0,35.8,B
2021-06-11T10:04:03,100.0,35.8,B
2021-06-11T10:03:53,500.0,35.8,B
2021-06-11T10:03:52,600.0,35.8,B
2021-06-11T10:03:43,100.0,35.8,B
2021-06-11T10:03:40,300.0,35.8,B
2021-06-11T10:03:32,2000.0,35.8,B
2021-06-11T10:03:26,1000.0,35.8,B
2021-06-11T10:02:50,1000.0,35.8,B
2021-06-11T10:02:30,1700.0,35.8,B
2021-06-11T10:02:30,1300.0,35.8,B
2021-06-11T10:01:59,200.0,35.8,B
2021-06-11T10:01:45,900.0,35.8,B
2021-06-11T10:01:11,200.0,35.8,B
2021-06-11T10:00:43,2000.0,35.8,B
2021-06-11T10:00:40,100.0,35.8,B
2021-06-11T10:00:30,1000.0,35.8,B
2021-06-11T10:00:14,5000.0,35.8,B
2021-06-11T10:00:09,300.0,35.8,B
2021-06-11T09:59:31,100.0,35.8,B
2021-06-11T09:59:04,2000.0,35.8,B
2021-06-11T09:58:51,200.0,35.8,B
2021-06-11T09:58:02,100.0,35.8,B
2021-06-11T09:58:01,1000.0,35.8,B
2021-06-11T09:58:00,100.0,35.8,B
2021-06-11T09:57:54,100.0,35.8,B
2021-06-11T09:57:49,300.0,35.8,B
2021-06-11T09:57:47,100.0,35.8,B
2021-06-11T09:57:19,200.0,35.8,B
2021-06-11T09:57:16,100.0,35.8,B
2021-06-11T09:56:44,1000.0,35.8,B
2021-06-11T09:56:24,200.0,35.8,B
2021-06-11T09:56:20,400.0,35.8,B
2021-06-11T09:55:51,300.0,35.8,B
2021-06-11T09:55:43,3400.0,35.8,B
2021-06-11T09:55:19,100.0,35.8,B
2021-06-11T09:55:16,100.0,35.8,B
2021-06-11T09:55:01,100.0,35.8,B
2021-06-11T09:53:59,200.0,35.8,S
2021-06-11T09:53:47,200.0,35.8,S
2021-06-11T09:53:42,2200.0,35.8,S
2021-06-11T09:53:42,1100.0,35.8,S
2021-06-11T09:53:24,900.0,35.8,S
2021-06-11T09:53:24,1100.0,35.8,S
2021-06-11T09:52:45,1000.0,35.8,S
2021-06-11T09:52:11,1700.0,35.8,S
2021-06-11T09:52:11,1900.0,35.8,S
2021-06-11T09:51:17,200.0,35.9,B
2021-06-11T09:50:18,100.0,35.9,B
2021-06-11T09:50:02,200.0,35.9,B
2021-06-11T09:49:14,1000.0,35.8,S
2021-06-11T09:46:03,200.0,35.9,B
2021-06-11T09:45:51,100.0,35.9,B
2021-06-11T09:45:50,200.0,35.9,B
2021-06-11T09:45:29,200.0,35.9,S
2021-06-11T09:45:25,500.0,35.9,S
2021-06-11T09:45:23,1200.0,36.0,B
2021-06-11T09:45:19,500.0,36.0,B
2021-06-11T09:45:03,100.0,36.0,B
2021-06-11T09:44:59,1000.0,36.0,B
2021-06-11T09:44:32,200.0,36.0,B
2021-06-11T09:44:20,200.0,36.0,B
2021-06-11T09:44:09,600.0,36.0,B
2021-06-11T09:44:07,200.0,36.0,B
2021-06-11T09:43:53,500.0,36.0,B
2021-06-11T09:43:46,1000.0,36.0,B
2021-06-11T09:43:42,1000.0,36.0,B
2021-06-11T09:43:32,2000.0,36.0,B
2021-06-11T09:42:38,1000.0,36.0,B
2021-06-11T09:42:34,1000.0,36.0,B
2021-06-11T09:42:22,2000.0,35.8,S
2021-06-11T09:42:04,2000.0,36.0,B
2021-06-11T09:41:56,5000.0,36.0,B
2021-06-11T09:41:35,4000.0,36.0,B
2021-06-11T09:41:16,100.0,36.0,B
2021-06-11T09:40:18,300.0,36.0,S
2021-06-11T09:40:18,1800.0,36.0,S
2021-06-11T09:40:10,1000.0,36.0,S
2021-06-11T09:38:54,100.0,36.2,B
2021-06-11T09:36:58,700.0,36.2,B
2021-06-11T09:36:38,500.0,36.0,S
2021-06-11T09:36:35,600.0,36.0,S
2021-06-11T09:36:35,2300.0,36.0,S
2021-06-11T09:35:34,200.0,36.2,B
2021-06-11T09:34:10,4300.0,36.2,S
2021-06-11T09:33:51,1000.0,36.4,B
2021-06-11T09:32:19,200.0,36.4,B
2021-06-11T09:31:50,500.0,36.2,S
2021-06-11T09:31:20,1000.0,36.4,B
2021-06-11T09:30:52,1000.0,36.4,B
2021-06-11T09:30:52,400.0,36.4,B
2021-06-11T09:30:38,100.0,36.4,B
2021-06-11T09:30:16,1900.0,36.4,S
2021-06-11T09:29:25,100.0,36.5,B
2021-06-11T09:29:08,100.0,36.5,B
2021-06-11T09:29:07,500.0,36.5,B
2021-06-11T09:29:06,400.0,36.4,S
2021-06-11T09:28:56,1000.0,36.5,B
2021-06-11T09:28:33,500.0,36.5,B
2021-06-11T09:27:54,100.0,36.5,S
2021-06-11T09:27:29,300.0,36.5,B
2021-06-11T09:27:25,1000.0,36.5,B
2021-06-11T09:26:34,700.0,36.5,S
2021-06-11T09:26:26,500.0,36.5,B
2021-06-11T09:26:22,1000.0,36.5,B
2021-06-11T09:26:22,200.0,36.5,B
2021-06-11T09:26:19,100.0,36.5,B
2021-06-11T09:26:17,2000.0,36.5,B
2021-06-11T09:26:17,1000.0,36.5,B
2021-06-11T09:26:17,1100.0,36.5,B
2021-06-11T09:26:17,2500.0,36.5,B
2021-06-11T09:26:16,200.0,36.45,S
2021-06-11T09:26:05,1000.0,36.5,B
2021-06-11T09:26:01,700.0,36.5,B
2021-06-11T09:25:44,3000.0,36.5,B
2021-06-11T09:25:40,200.0,36.45,B
2021-06-11T09:25:28,200.0,36.45,B
2021-06-11T09:25:16,3000.0,36.45,B
2021-06-11T09:24:57,200.0,36.4,S
2021-06-11T09:24:51,900.0,36.4,B
2021-06-11T09:24:51,100.0,36.4,B
2021-06-11T09:24:32,600.0,36.4,B
2021-06-11T09:24:04,2000.0,36.4,B
2021-06-11T09:23:40,500.0,36.4,B
2021-06-11T09:23:40,100.0,36.4,B
2021-06-11T09:23:18,300.0,36.4,B
2021-06-11T09:23:07,500.0,36.2,S
2021-06-11T09:22:57,500.0,36.2,S
2021-06-11T09:22:55,500.0,36.2,S
2021-06-11T09:22:51,3000.0,36.4,B
2021-06-11T09:22:17,500.0,36.2,S
2021-06-11T09:21:39,100.0,36.2,S
2021-06-11T09:21:37,100.0,36.2,S
2021-06-11T09:21:24,200.0,36.0,S
2021-06-11T09:21:12,500.0,36.2,B
2021-06-11T09:21:12,500.0,36.2,B
2021-06-11T09:21:00,100.0,36.2,B
2021-06-11T09:20:03,2500.0,36.2,B
2021-06-11T09:19:32,100.0,36.0,S
2021-06-11T09:19:22,400.0,36.2,B
2021-06-11T09:19:08,400.0,36.2,B
2021-06-11T09:19:01,600.0,36.2,B
2021-06-11T09:18:52,1000.0,36.2,B
2021-06-11T09:18:24,600.0,36.0,B
2021-06-11T09:18:24,1000.0,36.0,B
2021-06-11T09:17:56,1000.0,36.0,B
2021-06-11T09:17:54,300.0,36.0,B
2021-06-11T09:17:54,1000.0,36.0,B
2021-06-11T09:17:46,200.0,36.0,B
2021-06-11T09:17:44,2000.0,36.0,B
2021-06-11T09:17:42,500.0,36.0,B
2021-06-11T09:17:33,500.0,36.0,B
2021-06-11T09:17:27,200.0,36.0,B
2021-06-11T09:17:17,700.0,36.0,B
2021-06-11T09:17:14,1000.0,36.0,B
2021-06-11T09:17:11,100.0,36.0,B
2021-06-11T09:17:04,1500.0,36.0,B
2021-06-11T09:16:42,10000.0,36.0,B
2021-06-11T09:16:31,400.0,35.7,B
2021-06-11T09:16:15,2000.0,35.6,B
2021-06-11T09:15:58,1000.0,35.5,B
2021-06-11T09:15:58,1600.0,35.5,B
