tradingTime,volume,price,side
2021-06-11T14:29:27,2300.0,14.6,S
2021-06-11T14:28:58,600.0,14.6,S
2021-06-11T14:28:51,10000.0,14.6,S
2021-06-11T14:27:45,9500.0,14.6,S
2021-06-11T14:27:22,800.0,14.6,S
2021-06-11T14:25:52,500.0,14.7,S
2021-06-11T14:25:39,2500.0,14.7,B
2021-06-11T14:25:38,7500.0,14.7,S
2021-06-11T14:24:58,1500.0,14.8,B
2021-06-11T14:24:01,1000.0,14.7,S
2021-06-11T14:22:56,300.0,14.7,S
2021-06-11T14:22:49,300.0,14.7,S
2021-06-11T14:22:18,200.0,14.7,S
2021-06-11T14:22:16,100.0,14.7,S
2021-06-11T14:20:06,3500.0,14.7,S
2021-06-11T14:19:35,100.0,14.8,B
2021-06-11T14:19:13,5000.0,14.8,B
2021-06-11T14:18:53,200.0,14.8,B
2021-06-11T14:18:51,300.0,14.8,B
2021-06-11T14:18:34,100.0,14.8,B
2021-06-11T14:18:26,2000.0,14.8,B
2021-06-11T14:18:19,1000.0,14.8,B
2021-06-11T14:18:05,200.0,14.7,S
2021-06-11T14:17:40,300.0,14.7,S
2021-06-11T14:16:23,4000.0,14.7,S
2021-06-11T14:16:05,300.0,14.7,S
2021-06-11T14:15:25,400.0,14.7,S
2021-06-11T14:15:11,2900.0,14.7,S
2021-06-11T14:14:45,11100.0,14.7,B
2021-06-11T14:14:43,5000.0,14.8,B
2021-06-11T14:14:09,600.0,14.8,B
2021-06-11T14:13:47,3900.0,14.7,B
2021-06-11T14:13:29,100.0,14.7,B
2021-06-11T14:13:09,300.0,14.7,B
2021-06-11T14:13:08,200.0,14.7,B
2021-06-11T14:12:47,400.0,14.7,B
2021-06-11T14:12:43,7000.0,14.7,B
2021-06-11T14:12:40,5000.0,14.7,B
2021-06-11T14:11:09,4600.0,14.7,B
2021-06-11T14:10:12,100.0,14.6,S
2021-06-11T14:09:53,200.0,14.7,B
2021-06-11T14:08:57,1000.0,14.7,B
2021-06-11T14:07:39,9500.0,14.7,B
2021-06-11T14:07:30,3000.0,14.7,B
2021-06-11T14:05:40,100.0,14.7,B
2021-06-11T14:03:46,100.0,14.7,B
2021-06-11T14:03:33,5500.0,14.7,B
2021-06-11T14:03:10,700.0,14.7,B
2021-06-11T14:02:42,500.0,14.7,B
2021-06-11T14:02:34,300.0,14.7,B
2021-06-11T14:01:37,800.0,14.7,B
2021-06-11T13:59:35,1000.0,14.7,B
2021-06-11T13:58:30,9000.0,14.7,B
2021-06-11T13:57:28,1500.0,14.7,B
2021-06-11T13:56:48,100.0,14.6,S
2021-06-11T13:55:57,400.0,14.6,S
2021-06-11T13:54:40,200.0,14.6,S
2021-06-11T13:54:32,200.0,14.6,B
2021-06-11T13:54:20,10000.0,14.6,B
2021-06-11T13:53:49,10500.0,14.6,S
2021-06-11T13:53:28,200.0,14.6,S
2021-06-11T13:51:23,400.0,14.6,S
2021-06-11T13:49:51,100.0,14.6,S
2021-06-11T13:48:04,9700.0,14.6,B
2021-06-11T13:46:28,1300.0,14.6,B
2021-06-11T13:46:07,5000.0,14.6,B
2021-06-11T13:45:41,1000.0,14.6,B
2021-06-11T13:45:06,4700.0,14.6,B
2021-06-11T13:44:59,10000.0,14.6,S
2021-06-11T13:44:30,8900.0,14.6,B
2021-06-11T13:44:30,300.0,14.6,B
2021-06-11T13:44:14,1000.0,14.6,B
2021-06-11T13:43:45,2000.0,14.6,B
2021-06-11T13:43:06,1500.0,14.5,S
2021-06-11T13:43:00,3000.0,14.6,B
2021-06-11T13:42:47,100.0,14.5,S
2021-06-11T13:42:29,1000.0,14.6,B
2021-06-11T13:41:59,1000.0,14.6,B
2021-06-11T13:41:47,3800.0,14.6,S
2021-06-11T13:41:41,200.0,14.6,S
2021-06-11T13:41:18,1000.0,14.6,S
2021-06-11T13:40:32,100.0,14.6,S
2021-06-11T13:40:12,1000.0,14.6,S
2021-06-11T13:38:17,700.0,14.6,S
2021-06-11T13:37:33,2500.0,14.6,B
2021-06-11T13:37:29,100.0,14.6,S
2021-06-11T13:37:18,500.0,14.6,S
2021-06-11T13:36:00,500.0,14.6,S
2021-06-11T13:35:05,9900.0,14.6,B
2021-06-11T13:34:06,300.0,14.6,B
2021-06-11T13:33:59,100.0,14.6,B
2021-06-11T13:33:24,5000.0,14.6,B
2021-06-11T13:33:05,900.0,14.6,B
2021-06-11T13:32:29,100.0,14.6,S
2021-06-11T13:32:07,200.0,14.6,S
2021-06-11T13:32:01,100.0,14.6,S
2021-06-11T13:31:22,100.0,14.6,S
2021-06-11T13:30:51,200.0,14.6,B
2021-06-11T13:30:46,3000.0,14.6,B
2021-06-11T13:30:37,800.0,14.6,B
2021-06-11T13:30:32,1000.0,14.6,B
2021-06-11T13:30:27,3000.0,14.6,B
2021-06-11T13:30:26,100.0,14.6,B
2021-06-11T13:30:03,1000.0,14.5,S
2021-06-11T13:29:57,5000.0,14.6,B
2021-06-11T13:29:48,200.0,14.6,B
2021-06-11T13:29:31,1000.0,14.6,B
2021-06-11T13:29:28,500.0,14.6,B
2021-06-11T13:28:19,500.0,14.6,B
2021-06-11T13:28:17,1000.0,14.6,B
2021-06-11T13:28:02,300.0,14.6,B
2021-06-11T13:28:00,500.0,14.6,B
2021-06-11T13:27:42,2000.0,14.6,B
2021-06-11T13:27:29,1000.0,14.6,B
2021-06-11T13:27:12,1000.0,14.6,B
2021-06-11T13:27:07,5000.0,14.6,B
2021-06-11T13:26:57,3000.0,14.6,B
2021-06-11T13:26:52,200.0,14.6,B
2021-06-11T13:26:34,2300.0,14.6,B
2021-06-11T13:26:10,500.0,14.6,B
2021-06-11T13:25:59,2000.0,14.6,B
2021-06-11T13:25:17,300.0,14.6,B
2021-06-11T13:25:01,2000.0,14.6,B
2021-06-11T13:24:25,300.0,14.6,B
2021-06-11T13:24:03,5000.0,14.6,B
2021-06-11T13:22:32,4500.0,14.5,B
2021-06-11T13:22:26,31000.0,14.4,S
2021-06-11T13:22:21,2000.0,14.5,B
2021-06-11T13:22:16,1000.0,14.5,B
2021-06-11T13:22:14,100.0,14.5,B
2021-06-11T13:22:09,2000.0,14.5,B
2021-06-11T13:22:06,10000.0,14.5,B
2021-06-11T13:21:36,1000.0,14.5,B
2021-06-11T13:20:51,200.0,14.5,B
2021-06-11T13:17:52,600.0,14.5,B
2021-06-11T13:16:50,200.0,14.5,B
2021-06-11T13:15:57,2100.0,14.4,S
2021-06-11T13:15:32,200.0,14.5,B
2021-06-11T13:13:45,1000.0,14.5,B
2021-06-11T13:13:41,900.0,14.5,S
2021-06-11T13:13:23,100.0,14.5,B
2021-06-11T13:13:17,9900.0,14.5,S
2021-06-11T13:10:44,10000.0,14.5,S
2021-06-11T13:10:34,3200.0,14.5,S
2021-06-11T13:09:21,500.0,14.5,S
2021-06-11T13:07:56,5100.0,14.5,B
2021-06-11T13:07:37,5000.0,14.5,B
2021-06-11T13:06:50,3000.0,14.5,B
2021-06-11T13:06:00,900.0,14.4,S
2021-06-11T13:05:47,900.0,14.5,B
2021-06-11T13:05:31,100.0,14.5,B
2021-06-11T11:28:52,1000.0,14.3,S
2021-06-11T11:28:18,1100.0,14.3,S
2021-06-11T11:27:57,700.0,14.4,S
2021-06-11T11:23:29,1300.0,14.3,S
2021-06-11T11:22:58,100.0,14.4,S
2021-06-11T11:22:40,100.0,14.4,B
2021-06-11T11:22:23,1400.0,14.4,S
2021-06-11T11:22:23,1700.0,14.5,B
2021-06-11T11:21:28,20000.0,14.4,S
2021-06-11T11:20:16,900.0,14.4,S
2021-06-11T11:19:28,100.0,14.4,S
2021-06-11T11:17:58,10000.0,14.4,S
2021-06-11T11:15:22,10000.0,14.4,S
2021-06-11T11:15:01,200.0,14.4,S
2021-06-11T11:14:40,1000.0,14.5,B
2021-06-11T11:14:11,1000.0,14.5,B
2021-06-11T11:13:44,500.0,14.4,S
2021-06-11T11:13:38,10000.0,14.4,S
2021-06-11T11:13:01,500.0,14.4,S
2021-06-11T11:12:40,10000.0,14.4,S
2021-06-11T11:12:32,7000.0,14.4,S
2021-06-11T11:12:03,10000.0,14.4,S
2021-06-11T11:10:43,5700.0,14.4,S
2021-06-11T11:08:30,1000.0,14.4,S
2021-06-11T11:07:49,10000.0,14.4,S
2021-06-11T11:07:41,2000.0,14.4,S
2021-06-11T11:07:31,1100.0,14.4,S
2021-06-11T11:07:24,300.0,14.4,S
2021-06-11T11:06:54,2000.0,14.5,B
2021-06-11T11:04:15,1000.0,14.5,B
2021-06-11T11:04:03,1500.0,14.5,B
2021-06-11T11:03:53,1200.0,14.5,B
2021-06-11T11:01:32,300.0,14.5,B
2021-06-11T11:01:25,56000.0,14.4,S
2021-06-11T11:00:54,20000.0,14.4,S
2021-06-11T11:00:54,200.0,14.5,B
2021-06-11T11:00:31,1000.0,14.4,S
2021-06-11T11:00:22,1000.0,14.4,S
2021-06-11T10:59:30,3500.0,14.4,S
2021-06-11T10:58:42,11000.0,14.4,S
2021-06-11T10:56:28,1000.0,14.4,S
2021-06-11T10:54:36,500.0,14.5,B
2021-06-11T10:54:31,100.0,14.5,B
2021-06-11T10:54:21,100.0,14.5,B
2021-06-11T10:54:19,100.0,14.5,B
2021-06-11T10:53:56,1000.0,14.5,B
2021-06-11T10:53:45,100.0,14.5,B
2021-06-11T10:53:41,3000.0,14.5,B
2021-06-11T10:53:28,1000.0,14.5,B
2021-06-11T10:53:14,1000.0,14.5,B
2021-06-11T10:52:54,1800.0,14.5,S
2021-06-11T10:50:56,1700.0,14.5,B
2021-06-11T10:50:50,100.0,14.5,B
2021-06-11T10:50:33,200.0,14.5,B
2021-06-11T10:50:24,2000.0,14.5,B
2021-06-11T10:49:18,3000.0,14.5,B
2021-06-11T10:49:11,19600.0,14.5,S
2021-06-11T10:46:50,400.0,14.5,B
2021-06-11T10:46:22,9600.0,14.5,S
2021-06-11T10:44:49,7500.0,14.5,S
2021-06-11T10:44:00,1000.0,14.6,B
2021-06-11T10:41:02,100.0,14.6,B
2021-06-11T10:40:37,5000.0,14.5,S
2021-06-11T10:40:32,5000.0,14.5,S
2021-06-11T10:39:35,200.0,14.6,B
2021-06-11T10:35:12,100.0,14.6,B
2021-06-11T10:33:10,400.0,14.5,S
2021-06-11T10:31:39,6000.0,14.5,S
2021-06-11T10:31:06,100.0,14.6,B
2021-06-11T10:27:54,1000.0,14.6,B
2021-06-11T10:27:37,300.0,14.6,B
2021-06-11T10:27:36,1000.0,14.6,B
2021-06-11T10:27:01,300.0,14.6,B
2021-06-11T10:24:39,10000.0,14.6,B
2021-06-11T10:23:38,100.0,14.6,B
2021-06-11T10:16:48,500.0,14.5,S
2021-06-11T10:16:11,300.0,14.5,B
2021-06-11T10:15:34,1000.0,14.5,B
2021-06-11T10:15:12,1000.0,14.5,B
2021-06-11T10:15:08,5000.0,14.5,B
2021-06-11T10:14:25,2000.0,14.5,B
2021-06-11T10:12:59,300.0,14.4,S
2021-06-11T10:12:54,4500.0,14.4,S
2021-06-11T10:12:42,400.0,14.4,S
2021-06-11T10:11:57,100.0,14.5,B
2021-06-11T10:10:45,2000.0,14.5,B
2021-06-11T10:10:01,400.0,14.5,B
2021-06-11T10:07:19,500.0,14.5,B
2021-06-11T10:05:37,300.0,14.5,B
2021-06-11T10:05:02,200.0,14.5,B
2021-06-11T10:04:17,500.0,14.5,B
2021-06-11T10:03:45,100.0,14.5,S
2021-06-11T10:03:26,200.0,14.5,B
2021-06-11T10:03:09,1500.0,14.4,S
2021-06-11T10:03:07,100.0,14.5,B
2021-06-11T10:02:33,5000.0,14.5,B
2021-06-11T10:01:56,1000.0,14.5,B
2021-06-11T10:01:45,600.0,14.5,B
2021-06-11T10:00:48,500.0,14.5,B
2021-06-11T10:00:36,500.0,14.5,B
2021-06-11T10:00:15,700.0,14.5,B
2021-06-11T09:59:57,900.0,14.5,B
2021-06-11T09:59:53,11700.0,14.5,S
2021-06-11T09:57:26,100.0,14.5,S
2021-06-11T09:56:55,100.0,14.5,S
2021-06-11T09:56:29,5000.0,14.5,S
2021-06-11T09:55:42,1000.0,14.5,S
2021-06-11T09:55:30,200.0,14.6,B
2021-06-11T09:53:28,1000.0,14.6,B
2021-06-11T09:53:04,200.0,14.6,B
2021-06-11T09:53:01,500.0,14.6,B
2021-06-11T09:52:59,100.0,14.6,B
2021-06-11T09:52:45,1000.0,14.6,B
2021-06-11T09:52:35,200.0,14.6,B
2021-06-11T09:51:10,100.0,14.6,B
2021-06-11T09:51:05,600.0,14.5,S
2021-06-11T09:50:13,200.0,14.5,S
2021-06-11T09:49:03,200.0,14.5,S
2021-06-11T09:48:53,200.0,14.5,S
2021-06-11T09:45:19,200.0,14.5,S
2021-06-11T09:43:37,5000.0,14.5,S
2021-06-11T09:42:36,700.0,14.5,S
2021-06-11T09:42:18,2600.0,14.5,S
2021-06-11T09:42:13,2000.0,14.5,B
2021-06-11T09:42:05,5000.0,14.5,B
2021-06-11T09:41:42,500.0,14.5,B
2021-06-11T09:41:40,1000.0,14.5,B
2021-06-11T09:40:34,400.0,14.5,B
2021-06-11T09:40:30,400.0,14.5,B
2021-06-11T09:40:04,300.0,14.5,B
2021-06-11T09:39:01,300.0,14.5,S
2021-06-11T09:38:43,3800.0,14.5,S
2021-06-11T09:38:20,500.0,14.5,S
2021-06-11T09:38:12,400.0,14.5,B
2021-06-11T09:38:09,2100.0,14.4,S
2021-06-11T09:38:00,4400.0,14.5,B
2021-06-11T09:37:30,1600.0,14.5,S
2021-06-11T09:35:45,1900.0,14.5,S
2021-06-11T09:35:22,7500.0,14.5,S
2021-06-11T09:32:51,500.0,14.6,B
2021-06-11T09:30:49,200.0,14.6,B
2021-06-11T09:30:22,100.0,14.6,B
2021-06-11T09:29:03,1000.0,14.6,B
2021-06-11T09:28:54,200.0,14.6,B
2021-06-11T09:28:33,1100.0,14.6,B
2021-06-11T09:28:33,100.0,14.6,B
2021-06-11T09:28:02,200.0,14.6,B
2021-06-11T09:27:53,2000.0,14.5,S
2021-06-11T09:26:07,2000.0,14.5,S
2021-06-11T09:24:37,100.0,14.5,S
2021-06-11T09:24:31,500.0,14.5,B
2021-06-11T09:24:18,800.0,14.5,B
2021-06-11T09:24:01,2000.0,14.5,B
2021-06-11T09:23:36,2300.0,14.5,B
2021-06-11T09:23:17,1000.0,14.5,B
2021-06-11T09:19:14,600.0,14.4,S
2021-06-11T09:19:09,100.0,14.4,B
2021-06-11T09:18:53,2000.0,14.4,B
2021-06-11T09:18:52,2000.0,14.4,B
2021-06-11T09:18:42,300.0,14.4,B
2021-06-11T09:18:40,200.0,14.4,B
2021-06-11T09:18:39,1000.0,14.4,B
2021-06-11T09:18:29,100.0,14.4,B
2021-06-11T09:18:18,700.0,14.4,B
2021-06-11T09:18:11,4300.0,14.4,S
2021-06-11T09:17:32,100.0,14.4,B
2021-06-11T09:17:31,100.0,14.4,B
2021-06-11T09:17:05,500.0,14.4,B
2021-06-11T09:16:40,2000.0,14.4,B
2021-06-11T09:16:25,1000.0,14.4,B
2021-06-11T09:16:22,300.0,14.4,B
2021-06-11T09:16:21,1000.0,14.4,S
2021-06-11T09:15:48,900.0,14.5,B
2021-06-11T09:14:52,100.0,14.4,S
2021-06-11T09:14:25,2200.0,14.4,S
2021-06-11T09:13:37,700.0,14.5,S
2021-06-11T09:12:57,400.0,14.5,B
2021-06-11T09:12:48,100.0,14.5,B
2021-06-11T09:12:46,500.0,14.5,S
2021-06-11T09:12:21,100.0,14.5,S
2021-06-11T09:11:24,100.0,14.5,S
2021-06-11T09:10:55,6600.0,14.5,S
2021-06-11T09:10:45,1000.0,14.6,B
2021-06-11T09:09:38,500.0,14.7,B
2021-06-11T09:06:03,4500.0,14.7,S
2021-06-11T09:05:55,4500.0,14.7,B
2021-06-11T09:05:18,400.0,14.7,B
2021-06-11T09:04:12,100.0,14.7,B
2021-06-11T09:02:27,700.0,14.5,B
2021-06-11T09:02:14,4300.0,14.5,S
2021-06-11T09:00:59,1000.0,14.5,S
2021-06-11T09:00:24,800.0,14.5,S
