tradingTime,volume,price,side
2021-06-11T14:59:34,500.0,34.6,S
2021-06-11T14:59:12,1600.0,34.6,S
2021-06-11T14:59:07,500.0,34.6,S
2021-06-11T14:58:27,8200.0,34.6,S
2021-06-11T14:57:17,500.0,34.7,S
2021-06-11T14:57:12,300.0,34.7,S
2021-06-11T14:54:12,200.0,34.6,S
2021-06-11T14:53:33,100.0,34.6,S
2021-06-11T14:53:12,5400.0,34.7,S
2021-06-11T14:52:47,200.0,34.8,B
2021-06-11T14:51:57,800.0,34.8,B
2021-06-11T14:51:07,1000.0,34.7,S
2021-06-11T14:50:17,200.0,34.8,B
2021-06-11T14:49:07,100.0,34.8,B
2021-06-11T14:48:37,100.0,34.8,B
2021-06-11T14:48:17,300.0,34.8,B
2021-06-11T14:47:52,500.0,34.8,B
2021-06-11T14:47:22,5000.0,34.8,S
2021-06-11T14:44:32,300.0,34.8,B
2021-06-11T14:42:22,600.0,34.7,B
2021-06-11T14:41:52,1000.0,34.7,B
2021-06-11T14:41:47,600.0,34.7,B
2021-06-11T14:41:37,100.0,34.7,B
2021-06-11T14:41:22,4600.0,34.7,B
2021-06-11T14:41:07,100.0,34.7,B
2021-06-11T14:40:37,100.0,34.7,B
2021-06-11T14:39:42,3100.0,34.7,S
2021-06-11T14:37:17,400.0,34.8,S
2021-06-11T14:35:17,1000.0,34.8,S
2021-06-11T14:34:47,700.0,34.8,S
2021-06-11T14:33:32,4300.0,34.8,S
2021-06-11T14:32:27,2600.0,34.7,B
2021-06-11T14:32:27,1400.0,34.7,B
2021-06-11T14:32:12,600.0,34.7,B
2021-06-11T14:31:47,300.0,34.7,B
2021-06-11T14:31:37,200.0,34.7,B
2021-06-11T14:31:27,100.0,34.7,B
2021-06-11T14:31:12,2500.0,34.7,B
2021-06-11T14:30:32,100.0,34.7,B
2021-06-11T14:30:27,300.0,34.7,B
2021-06-11T14:30:07,1900.0,34.7,S
2021-06-11T14:29:33,3000.0,34.7,S
2021-06-11T14:28:28,300.0,34.8,B
2021-06-11T14:28:26,200.0,34.7,S
2021-06-11T14:28:04,1200.0,34.7,S
2021-06-11T14:27:03,200.0,34.8,B
2021-06-11T14:27:01,800.0,34.7,S
2021-06-11T14:26:57,2100.0,34.7,S
2021-06-11T14:26:35,100.0,34.7,S
2021-06-11T14:26:26,500.0,34.7,S
2021-06-11T14:26:07,200.0,34.7,S
2021-06-11T14:24:58,600.0,34.7,S
2021-06-11T14:22:11,1000.0,34.7,S
2021-06-11T14:21:16,10000.0,34.7,S
2021-06-11T14:20:51,3800.0,34.8,S
2021-06-11T14:19:55,100.0,34.9,B
2021-06-11T14:19:53,500.0,34.8,B
2021-06-11T14:19:50,1500.0,34.8,S
2021-06-11T14:19:38,1000.0,34.8,S
2021-06-11T14:19:09,5000.0,34.8,S
2021-06-11T14:17:43,200.0,34.8,S
2021-06-11T14:17:14,100.0,34.9,B
2021-06-11T14:17:10,200.0,34.9,B
2021-06-11T14:16:50,200.0,34.9,B
2021-06-11T14:15:52,200.0,34.9,B
2021-06-11T14:15:42,2700.0,34.9,S
2021-06-11T14:15:01,1800.0,34.9,S
2021-06-11T14:14:22,300.0,34.9,B
2021-06-11T14:13:38,5000.0,34.9,B
2021-06-11T14:13:22,2000.0,34.9,B
2021-06-11T14:13:02,500.0,34.8,S
2021-06-11T14:12:42,1000.0,34.8,S
2021-06-11T14:12:04,100.0,34.8,S
2021-06-11T14:11:23,5100.0,34.8,B
2021-06-11T14:11:02,1000.0,34.8,B
2021-06-11T14:08:25,100.0,34.8,B
2021-06-11T14:08:09,200.0,34.7,S
2021-06-11T14:07:49,100.0,34.8,B
2021-06-11T14:07:32,1000.0,34.8,B
2021-06-11T14:06:02,100.0,34.8,B
2021-06-11T14:04:53,300.0,34.8,B
2021-06-11T14:04:04,500.0,34.8,B
2021-06-11T14:03:37,2000.0,34.8,B
2021-06-11T14:02:37,100.0,34.7,S
2021-06-11T14:01:58,500.0,34.8,B
2021-06-11T14:01:10,2000.0,34.8,B
2021-06-11T14:01:09,200.0,34.8,B
2021-06-11T14:01:04,4800.0,34.8,B
2021-06-11T13:59:58,700.0,34.7,S
2021-06-11T13:59:34,200.0,34.8,B
2021-06-11T13:59:16,100.0,34.7,S
2021-06-11T13:57:54,100.0,34.7,S
2021-06-11T13:54:37,300.0,34.7,S
2021-06-11T13:51:48,100.0,34.6,S
2021-06-11T13:51:15,100.0,34.6,S
2021-06-11T13:50:51,100.0,34.6,S
2021-06-11T13:50:14,500.0,34.6,S
2021-06-11T13:49:47,400.0,34.6,S
2021-06-11T13:48:28,10000.0,34.6,S
2021-06-11T13:48:10,500.0,34.8,B
2021-06-11T13:48:10,500.0,34.8,B
2021-06-11T13:48:04,2000.0,34.8,B
2021-06-11T13:47:14,100.0,34.7,S
2021-06-11T13:47:11,1400.0,34.7,S
2021-06-11T13:46:05,100.0,34.7,S
2021-06-11T13:46:02,1000.0,34.7,S
2021-06-11T13:45:07,100.0,34.7,S
2021-06-11T13:43:50,500.0,34.7,B
2021-06-11T13:43:27,1500.0,34.7,S
2021-06-11T13:42:30,3000.0,34.7,S
2021-06-11T13:42:15,900.0,34.7,S
2021-06-11T13:41:52,1000.0,34.7,S
2021-06-11T13:41:42,200.0,34.8,S
2021-06-11T13:39:13,200.0,34.7,S
2021-06-11T13:38:51,1000.0,34.7,S
2021-06-11T13:38:26,900.0,34.7,S
2021-06-11T13:37:16,300.0,34.7,S
2021-06-11T13:37:15,300.0,34.8,B
2021-06-11T13:36:50,5000.0,34.9,B
2021-06-11T13:36:22,4200.0,34.8,S
2021-06-11T13:34:52,200.0,34.8,S
2021-06-11T13:34:44,100.0,34.8,S
2021-06-11T13:34:23,2000.0,34.8,S
2021-06-11T13:33:36,100.0,34.9,B
2021-06-11T13:32:43,500.0,34.8,S
2021-06-11T13:32:40,500.0,34.8,S
2021-06-11T13:32:19,100.0,34.9,B
2021-06-11T13:32:06,500.0,34.9,B
2021-06-11T13:31:42,500.0,34.9,B
2021-06-11T13:31:13,200.0,34.9,B
2021-06-11T13:30:59,100.0,34.9,B
2021-06-11T13:30:44,1000.0,34.9,B
2021-06-11T13:29:54,100.0,34.9,B
2021-06-11T13:29:31,200.0,34.8,S
2021-06-11T13:29:21,100.0,34.8,S
2021-06-11T13:28:02,100.0,34.9,B
2021-06-11T13:27:18,3800.0,34.9,S
2021-06-11T13:27:11,1000.0,34.9,S
2021-06-11T13:26:19,1100.0,34.9,S
2021-06-11T13:25:26,500.0,34.9,S
2021-06-11T13:24:01,200.0,34.9,S
2021-06-11T13:23:53,100.0,35.0,S
2021-06-11T13:23:45,300.0,35.0,S
2021-06-11T13:23:39,500.0,35.0,S
2021-06-11T13:23:16,400.0,35.0,S
2021-06-11T13:23:15,100.0,35.1,B
2021-06-11T13:23:06,100.0,35.0,S
2021-06-11T13:22:16,500.0,35.1,B
2021-06-11T13:21:45,500.0,35.1,B
2021-06-11T13:21:36,1000.0,35.1,S
2021-06-11T13:21:15,1800.0,35.2,B
2021-06-11T13:20:58,100.0,35.1,S
2021-06-11T13:20:47,800.0,35.1,B
2021-06-11T13:20:47,100.0,35.0,B
2021-06-11T13:20:37,200.0,35.0,B
2021-06-11T13:20:23,9700.0,35.0,S
2021-06-11T13:19:31,1500.0,35.1,B
2021-06-11T13:19:09,300.0,35.1,B
2021-06-11T13:19:02,600.0,35.1,S
2021-06-11T13:18:59,700.0,35.1,S
2021-06-11T13:18:53,100.0,35.1,S
2021-06-11T13:18:30,300.0,35.1,S
2021-06-11T13:17:48,300.0,35.2,B
2021-06-11T13:17:44,500.0,35.2,S
2021-06-11T13:17:22,1000.0,35.2,S
2021-06-11T13:17:19,100.0,35.2,S
2021-06-11T13:17:17,100.0,35.2,S
2021-06-11T13:17:15,700.0,35.3,B
2021-06-11T13:17:12,100.0,35.2,S
2021-06-11T13:17:12,100.0,35.2,S
2021-06-11T13:17:11,400.0,35.2,S
2021-06-11T13:17:09,2000.0,35.2,S
2021-06-11T13:17:08,400.0,35.2,S
2021-06-11T13:17:06,500.0,35.2,S
2021-06-11T13:16:59,1000.0,35.2,S
2021-06-11T13:16:35,2000.0,35.2,S
2021-06-11T13:16:25,200.0,35.2,S
2021-06-11T13:16:23,100.0,35.3,B
2021-06-11T13:16:17,500.0,35.2,S
2021-06-11T13:16:12,100.0,35.2,S
2021-06-11T13:16:03,500.0,35.2,S
2021-06-11T13:16:02,700.0,35.2,S
2021-06-11T13:15:53,500.0,35.2,S
2021-06-11T13:15:04,500.0,35.2,S
2021-06-11T13:15:03,2000.0,35.3,B
2021-06-11T13:14:49,5000.0,35.2,S
2021-06-11T13:14:25,500.0,35.2,S
2021-06-11T13:14:19,2000.0,35.2,S
2021-06-11T13:14:18,100.0,35.2,S
2021-06-11T13:14:07,2000.0,35.3,B
2021-06-11T13:13:56,2000.0,35.3,B
2021-06-11T13:13:40,100.0,35.2,S
2021-06-11T13:13:38,5000.0,35.3,B
2021-06-11T13:13:24,200.0,35.3,B
2021-06-11T13:13:24,1000.0,35.2,S
2021-06-11T13:13:22,200.0,35.3,B
2021-06-11T13:13:00,300.0,35.3,B
2021-06-11T13:12:58,2000.0,35.2,S
2021-06-11T13:12:53,200.0,35.3,B
2021-06-11T13:12:49,1500.0,35.3,B
2021-06-11T13:12:23,100.0,35.2,S
2021-06-11T13:12:19,2000.0,35.2,S
2021-06-11T13:12:10,200.0,35.2,S
2021-06-11T13:11:51,500.0,35.2,S
2021-06-11T13:11:44,4000.0,35.3,B
2021-06-11T13:11:43,3000.0,35.2,S
2021-06-11T13:11:28,300.0,35.3,B
2021-06-11T13:11:19,200.0,35.2,S
2021-06-11T13:11:05,600.0,35.3,B
2021-06-11T13:11:00,1000.0,35.2,S
2021-06-11T13:10:58,600.0,35.3,B
2021-06-11T13:10:51,100.0,35.3,B
2021-06-11T13:10:45,1000.0,35.2,S
2021-06-11T13:10:42,500.0,35.2,S
2021-06-11T13:10:19,1000.0,35.2,S
2021-06-11T13:10:14,17800.0,35.2,B
2021-06-11T13:10:13,1000.0,35.1,B
2021-06-11T13:09:57,1000.0,35.1,B
2021-06-11T13:09:39,3000.0,35.1,B
2021-06-11T13:09:35,100.0,35.1,B
2021-06-11T13:09:24,1000.0,35.1,B
2021-06-11T13:09:14,1000.0,35.0,S
2021-06-11T13:09:09,1800.0,35.0,B
2021-06-11T13:09:07,7000.0,35.0,B
2021-06-11T13:09:04,600.0,35.0,B
2021-06-11T13:08:59,1500.0,35.0,B
2021-06-11T13:08:58,7000.0,35.0,B
2021-06-11T13:08:57,3000.0,35.0,B
2021-06-11T13:08:54,500.0,35.0,B
2021-06-11T13:08:51,200.0,35.0,B
2021-06-11T13:08:46,3000.0,35.0,B
2021-06-11T13:08:43,10000.0,35.0,B
2021-06-11T13:08:42,10000.0,35.0,B
2021-06-11T13:08:40,10000.0,35.0,B
2021-06-11T13:08:38,5000.0,35.0,B
2021-06-11T13:08:35,5600.0,35.0,B
2021-06-11T13:08:33,8000.0,35.0,B
2021-06-11T13:08:32,1500.0,35.0,B
2021-06-11T13:08:31,500.0,35.0,B
2021-06-11T13:08:28,200.0,35.0,B
2021-06-11T13:08:18,15000.0,35.0,B
2021-06-11T13:08:14,800.0,34.9,S
2021-06-11T13:08:07,69000.0,35.0,B
2021-06-11T13:07:53,400.0,34.9,S
2021-06-11T13:06:50,1000.0,34.9,S
2021-06-11T13:06:11,7100.0,34.9,B
2021-06-11T13:05:48,200.0,34.8,S
2021-06-11T13:05:14,200.0,34.8,S
2021-06-11T13:05:05,3000.0,34.9,B
2021-06-11T13:04:33,200.0,34.9,B
2021-06-11T11:27:33,500.0,34.8,B
2021-06-11T11:27:29,10000.0,34.6,S
2021-06-11T11:27:12,3000.0,34.8,B
2021-06-11T11:27:06,17600.0,34.7,B
2021-06-11T11:27:04,500.0,34.7,S
2021-06-11T11:26:54,5000.0,34.7,S
2021-06-11T11:26:04,300.0,34.8,B
2021-06-11T11:25:52,5000.0,34.7,S
2021-06-11T11:25:43,5000.0,34.7,S
2021-06-11T11:25:37,100.0,34.8,B
2021-06-11T11:24:28,200.0,34.8,B
2021-06-11T11:23:48,5000.0,34.8,B
2021-06-11T11:23:28,500.0,34.7,S
2021-06-11T11:23:03,1000.0,34.8,B
2021-06-11T11:22:07,1700.0,34.8,B
2021-06-11T11:21:55,2500.0,34.8,B
2021-06-11T11:21:52,300.0,34.8,B
2021-06-11T11:21:24,600.0,34.8,B
2021-06-11T11:19:34,100.0,34.8,B
2021-06-11T11:18:24,600.0,34.8,B
2021-06-11T11:18:23,200.0,34.8,B
2021-06-11T11:18:20,600.0,34.8,B
2021-06-11T11:18:07,100.0,34.8,B
2021-06-11T11:17:44,100.0,34.8,B
2021-06-11T11:17:44,100.0,34.8,B
2021-06-11T11:17:41,1100.0,34.8,S
2021-06-11T11:17:31,500.0,34.9,B
2021-06-11T11:17:23,5000.0,34.9,B
2021-06-11T11:17:22,1400.0,34.8,S
2021-06-11T11:17:14,100.0,34.9,B
2021-06-11T11:17:07,3000.0,34.9,B
2021-06-11T11:16:05,400.0,34.9,B
2021-06-11T11:15:53,17500.0,34.8,B
2021-06-11T11:15:48,6400.0,34.7,S
2021-06-11T11:15:33,100.0,34.7,S
2021-06-11T11:14:25,100.0,34.8,B
2021-06-11T11:14:13,600.0,34.7,S
2021-06-11T11:13:48,2000.0,34.8,B
2021-06-11T11:13:40,500.0,34.8,B
2021-06-11T11:13:11,200.0,34.7,S
2021-06-11T11:12:20,200.0,34.8,B
2021-06-11T11:11:55,1700.0,34.8,S
2021-06-11T11:11:41,700.0,34.8,B
2021-06-11T11:11:40,1000.0,34.8,B
2021-06-11T11:11:27,1000.0,34.8,B
2021-06-11T11:11:00,5000.0,34.8,B
2021-06-11T11:10:55,800.0,34.8,B
2021-06-11T11:10:30,100.0,34.8,B
2021-06-11T11:10:23,700.0,34.8,B
2021-06-11T11:10:21,1000.0,34.8,B
2021-06-11T11:10:01,2000.0,34.8,B
2021-06-11T11:09:04,300.0,34.7,S
2021-06-11T11:09:02,100.0,34.7,S
2021-06-11T11:08:19,1000.0,34.7,S
2021-06-11T11:08:08,100.0,34.7,S
2021-06-11T11:07:52,500.0,34.7,S
2021-06-11T11:07:03,700.0,34.7,S
2021-06-11T11:06:52,1000.0,34.8,B
2021-06-11T11:05:43,2000.0,34.8,B
2021-06-11T11:05:22,200.0,34.7,S
2021-06-11T11:04:50,500.0,34.7,S
2021-06-11T11:04:37,100.0,34.7,S
2021-06-11T11:04:12,500.0,34.7,S
2021-06-11T11:03:20,100.0,34.8,B
2021-06-11T11:03:05,100.0,34.8,B
2021-06-11T11:02:18,300.0,34.8,B
2021-06-11T11:02:07,100.0,34.8,B
2021-06-11T11:02:02,500.0,34.8,B
2021-06-11T11:01:50,100.0,34.8,B
2021-06-11T11:01:29,1000.0,34.8,B
2021-06-11T11:01:28,1000.0,34.8,B
2021-06-11T11:01:17,2500.0,34.8,S
2021-06-11T11:01:07,2500.0,34.8,S
2021-06-11T11:00:51,7000.0,34.9,B
2021-06-11T11:00:21,6100.0,34.8,B
2021-06-11T11:00:05,1000.0,34.8,B
2021-06-11T11:00:01,100.0,34.8,B
2021-06-11T10:59:56,3000.0,34.8,B
2021-06-11T10:59:16,300.0,34.8,B
2021-06-11T10:59:12,500.0,34.8,B
2021-06-11T10:58:59,300.0,34.8,B
2021-06-11T10:58:36,500.0,34.8,B
2021-06-11T10:58:36,900.0,34.8,B
2021-06-11T10:58:09,100.0,34.8,B
2021-06-11T10:57:53,500.0,34.8,S
2021-06-11T10:57:51,100.0,34.8,S
2021-06-11T10:57:35,3000.0,34.8,S
2021-06-11T10:57:23,1000.0,34.8,S
2021-06-11T10:56:58,100.0,34.8,S
2021-06-11T10:56:27,300.0,34.8,S
2021-06-11T10:56:19,700.0,34.9,B
2021-06-11T10:56:07,400.0,34.8,B
2021-06-11T10:55:59,500.0,34.8,B
2021-06-11T10:55:46,9100.0,34.8,S
2021-06-11T10:55:36,3000.0,34.9,B
2021-06-11T10:55:18,10000.0,34.9,B
2021-06-11T10:55:14,600.0,34.9,B
2021-06-11T10:54:41,1000.0,34.9,B
2021-06-11T10:54:29,300.0,34.8,S
2021-06-11T10:54:28,200.0,34.8,B
2021-06-11T10:54:18,1000.0,34.8,B
2021-06-11T10:54:05,2200.0,34.8,S
2021-06-11T10:54:02,700.0,34.9,B
2021-06-11T10:53:58,700.0,34.9,B
2021-06-11T10:53:41,100.0,34.9,B
2021-06-11T10:53:07,800.0,34.8,S
2021-06-11T10:52:55,500.0,34.8,S
2021-06-11T10:52:49,500.0,34.8,B
2021-06-11T10:52:33,10000.0,34.8,B
2021-06-11T10:52:19,300.0,34.8,B
2021-06-11T10:52:15,500.0,34.8,B
2021-06-11T10:51:55,500.0,34.8,B
2021-06-11T10:51:51,500.0,34.8,B
2021-06-11T10:51:25,1000.0,34.8,B
2021-06-11T10:51:16,100.0,34.8,B
2021-06-11T10:51:10,3000.0,34.8,B
2021-06-11T10:50:55,300.0,34.8,B
2021-06-11T10:50:51,1000.0,34.8,B
2021-06-11T10:50:43,2000.0,34.8,B
2021-06-11T10:50:36,200.0,34.8,B
2021-06-11T10:50:31,1000.0,34.8,B
2021-06-11T10:50:11,5000.0,34.8,B
2021-06-11T10:50:03,500.0,34.8,B
2021-06-11T10:49:11,5300.0,34.7,S
2021-06-11T10:49:04,300.0,34.8,B
2021-06-11T10:49:02,1000.0,34.8,B
2021-06-11T10:48:37,1000.0,34.8,B
2021-06-11T10:48:31,300.0,34.8,B
2021-06-11T10:48:07,100.0,34.8,B
2021-06-11T10:47:59,100.0,34.8,B
2021-06-11T10:47:49,3000.0,34.8,B
2021-06-11T10:47:42,5000.0,34.8,B
2021-06-11T10:47:39,1000.0,34.8,B
2021-06-11T10:47:38,3000.0,34.8,B
2021-06-11T10:47:19,100.0,34.8,B
2021-06-11T10:47:19,700.0,34.8,B
2021-06-11T10:47:06,1000.0,34.8,B
2021-06-11T10:46:53,1000.0,34.8,B
2021-06-11T10:46:52,300.0,34.8,B
2021-06-11T10:46:49,300.0,34.7,S
2021-06-11T10:46:24,2000.0,34.8,B
2021-06-11T10:46:03,600.0,34.7,S
2021-06-11T10:46:01,500.0,34.7,B
2021-06-11T10:45:56,200.0,34.7,B
2021-06-11T10:45:55,3700.0,34.7,S
2021-06-11T10:45:39,1000.0,34.7,S
2021-06-11T10:45:26,1300.0,34.7,S
2021-06-11T10:45:07,1000.0,34.7,S
2021-06-11T10:44:59,1100.0,34.7,B
2021-06-11T10:44:47,4000.0,34.7,S
2021-06-11T10:44:45,3000.0,34.7,S
2021-06-11T10:44:34,1000.0,34.7,S
2021-06-11T10:44:11,900.0,34.7,S
2021-06-11T10:44:05,10700.0,34.7,B
2021-06-11T10:44:00,10000.0,34.7,B
2021-06-11T10:43:56,200.0,34.6,B
2021-06-11T10:43:52,500.0,34.6,B
2021-06-11T10:43:42,100.0,34.6,B
2021-06-11T10:42:46,1000.0,34.6,B
2021-06-11T10:42:40,1000.0,34.5,S
2021-06-11T10:42:32,300.0,34.6,B
2021-06-11T10:42:17,3200.0,34.6,S
2021-06-11T10:42:04,100.0,34.6,S
2021-06-11T10:40:45,2400.0,34.6,B
2021-06-11T10:40:42,1400.0,34.6,B
2021-06-11T10:40:40,1200.0,34.6,S
2021-06-11T10:40:24,200.0,34.6,S
2021-06-11T10:39:54,100.0,34.6,S
2021-06-11T10:39:44,100.0,34.6,S
2021-06-11T10:39:41,2000.0,34.6,S
2021-06-11T10:39:32,2300.0,34.6,B
2021-06-11T10:38:56,2000.0,34.6,B
2021-06-11T10:38:49,1000.0,34.6,B
2021-06-11T10:38:33,200.0,34.5,S
2021-06-11T10:38:16,10000.0,34.5,S
2021-06-11T10:37:59,2300.0,34.5,B
2021-06-11T10:37:42,300.0,34.5,B
2021-06-11T10:37:13,500.0,34.5,B
2021-06-11T10:37:11,3900.0,34.5,S
2021-06-11T10:37:10,4600.0,34.6,B
2021-06-11T10:36:43,200.0,34.5,S
2021-06-11T10:36:20,900.0,34.5,S
2021-06-11T10:35:46,200.0,34.5,B
2021-06-11T10:35:40,10000.0,34.4,S
2021-06-11T10:35:24,9800.0,34.5,B
2021-06-11T10:35:20,1000.0,34.6,B
2021-06-11T10:35:11,300.0,34.6,B
2021-06-11T10:35:00,300.0,34.6,B
2021-06-11T10:35:00,100.0,34.6,B
2021-06-11T10:34:59,13300.0,34.6,S
2021-06-11T10:34:46,500.0,34.6,S
2021-06-11T10:34:22,2000.0,34.6,S
2021-06-11T10:34:07,100.0,34.7,B
2021-06-11T10:33:37,500.0,34.6,S
2021-06-11T10:32:30,1100.0,34.6,B
2021-06-11T10:31:57,500.0,34.6,B
2021-06-11T10:31:25,500.0,34.6,B
2021-06-11T10:31:18,1100.0,34.6,B
2021-06-11T10:31:15,500.0,34.6,S
2021-06-11T10:31:10,200.0,34.7,B
2021-06-11T10:30:58,1300.0,34.7,B
2021-06-11T10:30:45,1000.0,34.7,B
2021-06-11T10:30:17,300.0,34.7,B
2021-06-11T10:30:00,2000.0,34.7,B
2021-06-11T10:29:51,800.0,34.6,S
2021-06-11T10:29:13,500.0,34.6,S
2021-06-11T10:29:05,400.0,34.6,S
2021-06-11T10:28:56,1000.0,34.6,B
2021-06-11T10:28:27,200.0,34.6,B
2021-06-11T10:28:24,100.0,34.6,B
2021-06-11T10:28:16,100.0,34.6,S
2021-06-11T10:28:12,3000.0,34.6,S
2021-06-11T10:27:52,1000.0,34.7,B
2021-06-11T10:27:50,100.0,34.6,S
2021-06-11T10:26:54,100.0,34.7,B
2021-06-11T10:26:26,3000.0,34.7,B
2021-06-11T10:25:53,100.0,34.7,B
2021-06-11T10:25:46,100.0,34.7,B
2021-06-11T10:25:04,500.0,34.7,B
2021-06-11T10:25:01,100.0,34.7,B
2021-06-11T10:24:51,400.0,34.7,B
2021-06-11T10:24:36,9000.0,34.7,B
2021-06-11T10:24:31,10000.0,34.7,B
2021-06-11T10:23:30,100.0,34.6,S
2021-06-11T10:23:17,500.0,34.6,B
2021-06-11T10:23:16,5500.0,34.6,B
2021-06-11T10:22:37,100.0,34.6,S
2021-06-11T10:21:54,200.0,34.6,B
2021-06-11T10:21:52,1800.0,34.6,S
2021-06-11T10:21:35,200.0,34.7,B
2021-06-11T10:21:32,1500.0,34.6,B
2021-06-11T10:21:26,2000.0,34.6,B
2021-06-11T10:21:10,500.0,34.6,B
2021-06-11T10:21:05,1100.0,34.6,B
2021-06-11T10:20:59,2000.0,34.6,B
2021-06-11T10:20:59,200.0,34.6,B
2021-06-11T10:20:56,200.0,34.6,B
2021-06-11T10:20:49,1000.0,34.6,B
2021-06-11T10:20:45,2000.0,34.6,B
2021-06-11T10:20:38,300.0,34.6,B
2021-06-11T10:20:38,200.0,34.6,B
2021-06-11T10:20:33,500.0,34.6,B
2021-06-11T10:20:27,500.0,34.6,B
2021-06-11T10:20:24,500.0,34.6,B
2021-06-11T10:20:12,1500.0,34.6,B
2021-06-11T10:20:10,300.0,34.6,B
2021-06-11T10:19:44,100.0,34.6,B
2021-06-11T10:19:39,100.0,34.6,B
2021-06-11T10:19:20,5000.0,34.6,B
2021-06-11T10:19:16,2100.0,34.5,S
2021-06-11T10:18:31,300.0,34.5,B
2021-06-11T10:18:22,5000.0,34.4,S
2021-06-11T10:18:17,1200.0,34.6,B
2021-06-11T10:18:14,300.0,34.5,S
2021-06-11T10:16:53,1000.0,34.5,S
2021-06-11T10:15:40,200.0,34.5,S
2021-06-11T10:15:34,100.0,34.5,S
2021-06-11T10:15:25,4100.0,34.5,S
2021-06-11T10:15:22,2500.0,34.5,S
2021-06-11T10:15:05,100.0,34.5,S
2021-06-11T10:14:59,1900.0,34.5,S
2021-06-11T10:14:47,100.0,34.5,S
2021-06-11T10:14:29,4300.0,34.6,S
2021-06-11T10:14:11,200.0,34.6,S
2021-06-11T10:13:47,100.0,34.7,S
2021-06-11T10:13:31,200.0,34.7,S
2021-06-11T10:13:30,800.0,34.7,B
2021-06-11T10:13:27,400.0,34.6,S
2021-06-11T10:13:16,300.0,34.7,S
2021-06-11T10:13:09,100.0,34.7,S
2021-06-11T10:13:05,3500.0,34.7,S
2021-06-11T10:12:44,300.0,34.7,S
2021-06-11T10:12:38,100.0,34.8,B
2021-06-11T10:12:23,200.0,34.8,B
2021-06-11T10:12:18,2000.0,34.8,B
2021-06-11T10:12:15,300.0,34.7,S
2021-06-11T10:11:56,1300.0,34.8,S
2021-06-11T10:11:56,1000.0,34.8,S
2021-06-11T10:11:38,4000.0,34.8,S
2021-06-11T10:11:35,500.0,34.8,S
2021-06-11T10:11:31,200.0,34.8,S
2021-06-11T10:11:27,100.0,34.8,S
2021-06-11T10:11:24,1000.0,34.8,S
2021-06-11T10:11:02,200.0,34.8,S
2021-06-11T10:10:58,5000.0,35.0,B
2021-06-11T10:10:48,200.0,34.9,B
2021-06-11T10:10:46,500.0,34.9,S
2021-06-11T10:10:45,200.0,34.9,S
2021-06-11T10:10:40,4000.0,34.9,S
2021-06-11T10:10:37,200.0,34.9,S
2021-06-11T10:10:35,1000.0,34.9,S
2021-06-11T10:10:28,1000.0,34.9,S
2021-06-11T10:10:24,400.0,34.9,S
2021-06-11T10:10:23,100.0,34.9,S
2021-06-11T10:10:20,300.0,34.9,S
2021-06-11T10:10:11,200.0,34.9,S
2021-06-11T10:10:09,1000.0,35.0,B
2021-06-11T10:10:06,500.0,34.9,S
2021-06-11T10:10:05,200.0,35.0,B
2021-06-11T10:10:00,3000.0,34.9,S
2021-06-11T10:09:50,100.0,34.9,S
2021-06-11T10:09:48,1500.0,34.9,S
2021-06-11T10:09:47,5000.0,34.9,S
2021-06-11T10:09:42,1000.0,35.0,B
2021-06-11T10:09:39,500.0,34.9,S
2021-06-11T10:09:35,2200.0,35.0,B
2021-06-11T10:09:28,1000.0,34.9,S
2021-06-11T10:09:26,1500.0,34.9,S
2021-06-11T10:09:23,100.0,34.9,B
2021-06-11T10:09:19,600.0,34.9,B
2021-06-11T10:09:15,200.0,34.9,S
2021-06-11T10:08:44,200.0,34.8,S
2021-06-11T10:08:43,200.0,34.9,S
2021-06-11T10:08:39,500.0,35.0,B
2021-06-11T10:08:37,100.0,34.9,S
2021-06-11T10:08:33,2000.0,34.8,S
2021-06-11T10:08:32,1400.0,34.8,S
2021-06-11T10:08:24,7200.0,35.0,B
2021-06-11T10:08:23,500.0,34.9,B
2021-06-11T10:08:21,100.0,34.8,B
2021-06-11T10:08:17,2000.0,34.7,S
2021-06-11T10:08:13,100.0,34.8,S
2021-06-11T10:08:11,100.0,34.8,S
2021-06-11T10:08:11,8600.0,34.8,S
2021-06-11T10:08:08,5000.0,34.7,B
2021-06-11T10:08:07,2800.0,34.7,B
2021-06-11T10:07:48,17400.0,34.7,S
2021-06-11T10:07:45,1000.0,34.5,B
2021-06-11T10:07:44,100.0,34.4,S
2021-06-11T10:07:43,1200.0,34.5,B
2021-06-11T10:07:42,1000.0,34.5,B
2021-06-11T10:07:38,50000.0,34.5,B
2021-06-11T10:07:33,100.0,34.4,S
2021-06-11T10:07:10,9200.0,34.4,B
2021-06-11T10:06:47,2000.0,34.4,B
2021-06-11T10:06:44,200.0,34.4,B
2021-06-11T10:06:42,100.0,34.4,B
2021-06-11T10:06:30,2000.0,34.4,B
2021-06-11T10:06:11,100.0,34.4,B
2021-06-11T10:06:01,100.0,34.4,B
2021-06-11T10:05:45,200.0,34.4,B
2021-06-11T10:05:29,100.0,34.4,B
2021-06-11T10:05:28,2200.0,34.4,B
2021-06-11T10:05:21,200.0,34.4,B
2021-06-11T10:05:15,2800.0,34.4,S
2021-06-11T10:05:13,2000.0,34.4,S
2021-06-11T10:05:12,100.0,34.4,S
2021-06-11T10:05:07,500.0,34.4,S
2021-06-11T10:05:04,100.0,34.4,S
2021-06-11T10:04:53,100.0,34.4,S
2021-06-11T10:04:42,100.0,34.4,S
2021-06-11T10:04:40,200.0,34.4,S
2021-06-11T10:04:36,1000.0,34.4,S
2021-06-11T10:04:35,300.0,34.4,S
2021-06-11T10:04:23,500.0,34.4,S
2021-06-11T10:03:53,19200.0,34.4,B
2021-06-11T10:03:35,100.0,34.2,S
2021-06-11T10:03:31,2700.0,34.2,B
2021-06-11T10:03:30,500.0,34.2,B
2021-06-11T10:03:29,6000.0,34.1,S
2021-06-11T10:03:20,4600.0,34.1,B
2021-06-11T10:03:17,3000.0,34.1,B
2021-06-11T10:03:14,1000.0,34.1,B
2021-06-11T10:03:05,1000.0,34.1,B
2021-06-11T10:03:03,3000.0,34.1,B
2021-06-11T10:02:49,400.0,34.0,S
2021-06-11T10:02:44,5000.0,34.0,B
2021-06-11T10:02:42,300.0,34.0,B
2021-06-11T10:02:42,200.0,34.0,B
2021-06-11T10:02:40,500.0,34.0,B
2021-06-11T10:02:39,1500.0,34.0,B
2021-06-11T10:02:35,1600.0,34.0,B
2021-06-11T10:02:34,2000.0,34.0,B
2021-06-11T10:02:33,1500.0,34.0,B
2021-06-11T10:02:27,5000.0,34.0,B
2021-06-11T10:02:22,4500.0,34.0,B
2021-06-11T10:02:11,7400.0,34.0,B
2021-06-11T10:01:56,2600.0,33.9,B
2021-06-11T10:01:37,300.0,33.7,S
2021-06-11T09:58:30,10000.0,33.6,S
2021-06-11T09:58:13,100.0,33.9,B
2021-06-11T09:57:57,3000.0,33.9,B
2021-06-11T09:57:56,8300.0,33.8,S
2021-06-11T09:56:40,100.0,33.9,B
2021-06-11T09:55:35,100.0,33.9,B
2021-06-11T09:55:33,400.0,33.9,B
2021-06-11T09:55:05,800.0,33.9,S
2021-06-11T09:54:39,1000.0,33.9,S
2021-06-11T09:53:35,1000.0,33.9,S
2021-06-11T09:52:58,200.0,33.9,S
2021-06-11T09:51:06,100.0,33.9,B
2021-06-11T09:50:57,500.0,33.9,B
2021-06-11T09:50:53,3000.0,33.9,B
2021-06-11T09:50:49,1000.0,33.9,B
2021-06-11T09:50:19,500.0,33.9,B
2021-06-11T09:49:56,3000.0,33.9,B
2021-06-11T09:49:08,4900.0,33.9,S
2021-06-11T09:47:33,100.0,33.9,S
2021-06-11T09:47:19,700.0,33.9,S
2021-06-11T09:47:00,100.0,33.9,S
2021-06-11T09:46:31,500.0,33.9,S
2021-06-11T09:45:34,500.0,33.9,S
2021-06-11T09:45:01,400.0,33.9,S
2021-06-11T09:44:43,100.0,34.0,B
2021-06-11T09:44:35,100.0,34.0,B
2021-06-11T09:44:30,900.0,34.0,S
2021-06-11T09:44:29,3300.0,34.0,S
2021-06-11T09:44:27,100.0,34.0,S
2021-06-11T09:42:27,100.0,34.0,S
2021-06-11T09:41:03,100.0,34.0,B
2021-06-11T09:40:45,900.0,34.0,S
2021-06-11T09:40:43,400.0,34.0,S
2021-06-11T09:40:39,100.0,34.0,S
2021-06-11T09:40:07,1000.0,34.0,S
2021-06-11T09:39:23,5000.0,34.0,S
2021-06-11T09:39:09,1000.0,34.0,S
2021-06-11T09:38:49,1000.0,34.1,B
2021-06-11T09:38:35,100.0,34.0,S
2021-06-11T09:38:19,100.0,34.0,S
2021-06-11T09:37:37,300.0,34.0,S
2021-06-11T09:36:31,100.0,34.0,S
2021-06-11T09:36:18,500.0,34.0,S
2021-06-11T09:35:37,1500.0,34.1,B
2021-06-11T09:35:23,200.0,34.0,B
2021-06-11T09:35:17,500.0,34.0,B
2021-06-11T09:35:11,1000.0,34.0,B
2021-06-11T09:34:42,2300.0,34.0,B
2021-06-11T09:34:37,500.0,33.9,B
2021-06-11T09:34:35,4000.0,33.9,B
2021-06-11T09:34:07,13600.0,33.9,S
2021-06-11T09:34:01,1000.0,34.0,S
2021-06-11T09:33:55,1000.0,34.0,S
2021-06-11T09:33:34,700.0,34.0,S
2021-06-11T09:33:24,1000.0,34.1,B
2021-06-11T09:33:23,500.0,34.0,S
2021-06-11T09:33:16,100.0,34.1,B
2021-06-11T09:33:11,1500.0,34.1,S
2021-06-11T09:33:09,500.0,34.1,S
2021-06-11T09:33:09,1000.0,34.1,S
2021-06-11T09:33:08,500.0,34.1,S
2021-06-11T09:33:01,100.0,34.1,S
2021-06-11T09:32:37,100.0,34.1,S
2021-06-11T09:32:30,1000.0,34.1,S
2021-06-11T09:32:19,2000.0,34.1,S
2021-06-11T09:31:54,100.0,34.2,B
2021-06-11T09:31:53,1000.0,34.2,B
2021-06-11T09:31:44,200.0,34.2,B
2021-06-11T09:31:43,100.0,34.2,B
2021-06-11T09:31:27,2900.0,34.2,B
2021-06-11T09:31:19,1500.0,34.2,B
2021-06-11T09:31:15,1000.0,34.1,S
2021-06-11T09:30:52,500.0,34.1,S
2021-06-11T09:30:31,1000.0,34.2,B
2021-06-11T09:30:23,100.0,34.1,S
2021-06-11T09:30:00,600.0,34.1,S
2021-06-11T09:29:53,100.0,34.1,S
2021-06-11T09:29:09,200.0,34.2,B
2021-06-11T09:29:01,500.0,34.1,S
2021-06-11T09:28:58,500.0,34.1,S
2021-06-11T09:28:42,300.0,34.1,S
2021-06-11T09:28:18,200.0,34.1,B
2021-06-11T09:28:10,800.0,34.1,S
2021-06-11T09:28:09,1000.0,34.2,B
2021-06-11T09:28:03,1300.0,34.1,S
2021-06-11T09:28:02,300.0,34.2,B
2021-06-11T09:27:31,3000.0,34.2,B
2021-06-11T09:27:31,600.0,34.2,S
2021-06-11T09:27:29,3600.0,34.2,S
2021-06-11T09:27:11,3300.0,34.2,S
2021-06-11T09:27:03,6700.0,34.3,S
2021-06-11T09:26:47,700.0,34.3,S
2021-06-11T09:26:41,5000.0,34.5,B
2021-06-11T09:26:01,1300.0,34.5,B
2021-06-11T09:25:53,1500.0,34.5,B
2021-06-11T09:25:52,100.0,34.3,S
2021-06-11T09:25:41,700.0,34.3,S
2021-06-11T09:25:40,2000.0,34.3,S
2021-06-11T09:25:35,1000.0,34.5,B
2021-06-11T09:25:30,100.0,34.4,S
2021-06-11T09:25:29,1300.0,34.4,B
2021-06-11T09:25:25,8600.0,34.4,S
2021-06-11T09:25:25,2300.0,34.5,B
2021-06-11T09:25:18,1000.0,34.4,S
2021-06-11T09:25:12,3000.0,34.5,B
2021-06-11T09:25:12,100.0,34.4,S
2021-06-11T09:25:07,6500.0,34.5,S
2021-06-11T09:25:06,1000.0,34.5,S
2021-06-11T09:24:55,200.0,34.5,S
2021-06-11T09:24:49,200.0,34.5,S
2021-06-11T09:24:46,200.0,34.5,S
2021-06-11T09:24:28,500.0,34.5,S
2021-06-11T09:24:27,3000.0,34.5,S
2021-06-11T09:24:03,4900.0,34.5,B
2021-06-11T09:24:02,200.0,34.4,S
2021-06-11T09:23:50,100.0,34.5,B
2021-06-11T09:23:47,1000.0,34.5,B
2021-06-11T09:23:43,2000.0,34.5,B
2021-06-11T09:23:40,1000.0,34.5,B
2021-06-11T09:23:39,4000.0,34.5,B
2021-06-11T09:23:29,3000.0,34.5,B
2021-06-11T09:23:26,2000.0,34.5,B
2021-06-11T09:23:12,100.0,34.4,S
2021-06-11T09:22:52,40000.0,34.5,B
2021-06-11T09:22:45,1000.0,34.4,B
2021-06-11T09:22:30,8500.0,34.3,B
2021-06-11T09:22:15,500.0,34.3,B
2021-06-11T09:22:14,1000.0,34.2,S
2021-06-11T09:21:57,500.0,34.3,B
2021-06-11T09:21:48,500.0,34.2,B
2021-06-11T09:21:45,200.0,34.2,B
2021-06-11T09:21:43,2000.0,34.1,S
2021-06-11T09:21:40,2000.0,34.2,B
2021-06-11T09:21:26,5000.0,34.2,B
2021-06-11T09:20:52,400.0,34.2,S
2021-06-11T09:20:47,1000.0,34.2,S
2021-06-11T09:20:43,900.0,34.2,B
2021-06-11T09:20:21,3000.0,34.2,B
2021-06-11T09:19:54,200.0,34.2,B
2021-06-11T09:18:50,2600.0,34.2,B
2021-06-11T09:18:46,800.0,34.1,S
2021-06-11T09:18:45,1000.0,34.2,B
2021-06-11T09:18:40,200.0,34.2,B
2021-06-11T09:18:29,2400.0,34.2,S
2021-06-11T09:18:22,1400.0,34.3,B
2021-06-11T09:18:14,100.0,34.2,S
2021-06-11T09:17:44,100.0,34.2,S
2021-06-11T09:17:40,1700.0,34.2,S
2021-06-11T09:17:39,5700.0,34.2,S
2021-06-11T09:17:05,200.0,34.2,B
2021-06-11T09:16:59,100.0,34.1,S
2021-06-11T09:16:44,200.0,34.2,B
2021-06-11T09:16:43,1000.0,34.2,B
2021-06-11T09:15:53,300.0,34.2,B
2021-06-11T09:15:39,2500.0,34.1,S
2021-06-11T09:15:26,100.0,34.0,B
2021-06-11T09:15:16,700.0,34.0,B
2021-06-11T09:15:09,1000.0,34.0,S
2021-06-11T09:14:47,100.0,34.0,B
2021-06-11T09:14:46,200.0,34.0,B
2021-06-11T09:14:31,900.0,34.0,S
2021-06-11T09:14:08,3000.0,34.0,S
2021-06-11T09:13:55,900.0,34.0,B
2021-06-11T09:13:52,300.0,34.0,B
2021-06-11T09:13:51,100.0,34.0,B
2021-06-11T09:13:23,1000.0,34.0,B
2021-06-11T09:13:06,1000.0,34.0,B
2021-06-11T09:13:05,100.0,34.0,B
2021-06-11T09:12:54,6000.0,34.0,B
2021-06-11T09:12:41,300.0,34.0,B
2021-06-11T09:12:12,100.0,33.9,B
2021-06-11T09:11:22,500.0,34.0,B
2021-06-11T09:11:04,1700.0,34.0,B
2021-06-11T09:11:02,300.0,34.0,B
2021-06-11T09:10:28,200.0,34.0,B
2021-06-11T09:09:56,200.0,34.0,B
2021-06-11T09:09:37,100.0,34.0,B
2021-06-11T09:09:25,500.0,34.0,B
2021-06-11T09:09:08,100.0,34.0,B
2021-06-11T09:08:57,100.0,34.0,S
2021-06-11T09:08:56,300.0,34.0,B
2021-06-11T09:08:45,3100.0,34.0,B
2021-06-11T09:08:41,1000.0,34.0,B
2021-06-11T09:08:34,300.0,34.0,B
2021-06-11T09:08:29,2000.0,34.0,B
2021-06-11T09:07:48,1000.0,34.0,B
2021-06-11T09:06:08,900.0,33.6,B
2021-06-11T09:05:38,100.0,33.6,B
2021-06-11T09:05:26,2000.0,33.5,S
2021-06-11T09:00:59,200.0,33.5,B
2021-06-11T09:00:44,100.0,33.5,B
