tradingTime,volume,price,side
2021-06-11T14:29:24,100.0,115.5,B
2021-06-11T14:29:08,2000.0,115.5,B
2021-06-11T14:28:15,300.0,115.5,B
2021-06-11T14:28:04,2000.0,115.5,B
2021-06-11T14:27:59,1400.0,115.5,B
2021-06-11T14:27:42,3000.0,115.5,B
2021-06-11T14:27:31,1900.0,115.5,B
2021-06-11T14:27:28,1700.0,115.5,B
2021-06-11T14:27:28,300.0,115.5,B
2021-06-11T14:27:28,100.0,115.5,B
2021-06-11T14:27:14,200.0,115.5,B
2021-06-11T14:26:39,100.0,115.5,B
2021-06-11T14:26:36,100.0,115.5,B
2021-06-11T14:26:03,1100.0,115.5,B
2021-06-11T14:25:50,2100.0,115.5,B
2021-06-11T14:25:37,1000.0,115.5,B
2021-06-11T14:25:22,1000.0,115.5,B
2021-06-11T14:25:13,1000.0,115.5,B
2021-06-11T14:24:49,400.0,115.5,B
2021-06-11T14:24:24,2000.0,115.5,B
2021-06-11T14:24:03,1100.0,115.5,B
2021-06-11T14:23:49,2000.0,115.5,B
2021-06-11T14:23:31,600.0,115.5,B
2021-06-11T14:23:31,1100.0,115.5,B
2021-06-11T14:23:12,1700.0,115.5,B
2021-06-11T14:22:54,2000.0,115.5,B
2021-06-11T14:22:24,1000.0,115.5,B
2021-06-11T14:22:16,1300.0,115.5,B
2021-06-11T14:22:08,1900.0,115.5,B
2021-06-11T14:21:52,1400.0,115.5,B
2021-06-11T14:21:38,1100.0,115.5,B
2021-06-11T14:21:23,1300.0,115.5,B
2021-06-11T14:21:15,1800.0,115.5,B
2021-06-11T14:21:07,1600.0,115.5,B
2021-06-11T14:20:49,1700.0,115.5,B
2021-06-11T14:20:38,2100.0,115.5,B
2021-06-11T14:20:22,2900.0,115.5,B
2021-06-11T14:20:08,1300.0,115.4,S
2021-06-11T14:19:52,1600.0,115.5,B
2021-06-11T14:19:36,1900.0,115.5,B
2021-06-11T14:19:24,2000.0,115.4,S
2021-06-11T14:18:24,100.0,115.1,S
2021-06-11T14:18:19,200.0,115.2,S
2021-06-11T14:16:15,100.0,115.2,S
2021-06-11T14:15:25,200.0,115.5,B
2021-06-11T14:14:57,200.0,115.5,B
2021-06-11T14:14:39,1000.0,115.5,B
2021-06-11T14:11:54,700.0,115.5,B
2021-06-11T14:11:29,2800.0,115.5,B
2021-06-11T14:11:29,2400.0,115.5,B
2021-06-11T14:11:29,3800.0,115.2,B
2021-06-11T14:11:29,3900.0,115.2,B
2021-06-11T14:11:10,200.0,115.1,S
2021-06-11T14:10:49,700.0,115.1,S
2021-06-11T14:10:47,700.0,115.2,B
2021-06-11T14:10:41,2000.0,115.2,B
2021-06-11T14:10:25,1600.0,115.2,B
2021-06-11T14:10:07,1300.0,115.2,B
2021-06-11T14:10:07,1100.0,115.2,B
2021-06-11T14:09:54,1900.0,115.5,B
2021-06-11T14:09:54,3100.0,115.5,B
2021-06-11T14:09:54,100.0,115.3,B
2021-06-11T14:09:54,8200.0,115.3,B
2021-06-11T14:09:34,1300.0,115.2,B
2021-06-11T14:09:19,1500.0,115.2,B
2021-06-11T14:09:05,2000.0,115.2,B
2021-06-11T14:08:55,3000.0,115.1,S
2021-06-11T14:08:14,2000.0,115.2,B
2021-06-11T14:08:08,100.0,115.2,B
2021-06-11T14:07:59,1900.0,115.2,B
2021-06-11T14:07:52,2000.0,115.2,B
2021-06-11T14:07:42,100.0,115.2,B
2021-06-11T14:07:21,1800.0,115.2,B
2021-06-11T14:07:19,500.0,115.2,B
2021-06-11T14:07:01,2600.0,115.2,B
2021-06-11T14:06:51,2400.0,115.2,B
2021-06-11T14:06:46,100.0,115.1,S
2021-06-11T14:06:41,3000.0,115.2,B
2021-06-11T14:05:59,1800.0,115.2,B
2021-06-11T14:05:53,100.0,115.2,B
2021-06-11T14:05:40,1500.0,115.2,B
2021-06-11T14:05:25,2000.0,115.2,B
2021-06-11T14:05:08,1400.0,115.2,B
2021-06-11T14:04:41,2000.0,115.2,B
2021-06-11T14:04:39,800.0,115.0,S
2021-06-11T14:04:39,1700.0,115.1,S
2021-06-11T14:04:32,1700.0,115.2,B
2021-06-11T14:04:18,100.0,115.2,B
2021-06-11T14:04:18,1400.0,115.2,B
2021-06-11T14:04:07,1500.0,115.2,B
2021-06-11T14:03:54,1900.0,115.2,B
2021-06-11T14:03:31,2000.0,115.2,B
2021-06-11T14:02:57,1500.0,115.3,B
2021-06-11T14:02:52,100.0,115.2,B
2021-06-11T14:02:42,2000.0,115.2,B
2021-06-11T14:01:42,900.0,115.2,B
2021-06-11T14:01:24,100.0,115.1,S
2021-06-11T14:00:11,2200.0,115.2,B
2021-06-11T13:59:51,3000.0,115.2,B
2021-06-11T13:59:25,2300.0,115.2,B
2021-06-11T13:59:16,1000.0,115.2,B
2021-06-11T13:59:00,100.0,115.1,S
2021-06-11T13:58:58,2500.0,115.2,B
2021-06-11T13:58:49,100.0,115.2,B
2021-06-11T13:58:32,2800.0,115.2,B
2021-06-11T13:58:17,2000.0,115.2,B
2021-06-11T13:57:52,1800.0,115.2,B
2021-06-11T13:57:23,2000.0,115.2,B
2021-06-11T13:57:06,3000.0,115.2,B
2021-06-11T13:56:34,2000.0,115.2,B
2021-06-11T13:56:20,1900.0,115.2,B
2021-06-11T13:55:57,2900.0,115.2,S
2021-06-11T13:55:41,1800.0,115.2,S
2021-06-11T13:55:37,400.0,115.2,S
2021-06-11T13:55:25,900.0,115.2,S
2021-06-11T13:55:22,1400.0,115.2,B
2021-06-11T13:55:15,100.0,115.2,B
2021-06-11T13:55:07,1900.0,115.2,B
2021-06-11T13:54:51,1300.0,115.2,S
2021-06-11T13:54:47,1200.0,115.2,B
2021-06-11T13:54:34,1000.0,115.2,B
2021-06-11T13:54:23,2000.0,115.2,B
2021-06-11T13:53:29,1600.0,115.1,B
2021-06-11T13:52:11,2000.0,114.5,S
2021-06-11T13:52:10,5500.0,115.0,B
2021-06-11T13:52:10,400.0,115.0,B
2021-06-11T13:52:10,400.0,115.0,B
2021-06-11T13:52:10,2500.0,115.0,B
2021-06-11T13:52:10,2800.0,115.0,B
2021-06-11T13:52:10,100.0,115.0,B
2021-06-11T13:52:10,300.0,115.0,B
2021-06-11T13:49:57,2500.0,114.5,S
2021-06-11T13:49:57,1400.0,114.5,S
2021-06-11T13:49:57,1100.0,114.5,S
2021-06-11T13:49:46,1300.0,114.9,B
2021-06-11T13:47:49,5000.0,114.9,B
2021-06-11T13:46:00,300.0,114.4,S
2021-06-11T13:45:49,100.0,114.4,S
2021-06-11T13:44:22,900.0,114.4,S
2021-06-11T13:43:37,100.0,114.4,S
2021-06-11T13:42:10,100.0,114.4,S
2021-06-11T13:39:15,100.0,114.4,S
2021-06-11T13:37:11,200.0,114.5,B
2021-06-11T13:36:52,500.0,114.4,S
2021-06-11T13:36:00,400.0,114.5,S
2021-06-11T13:36:00,700.0,114.5,S
2021-06-11T13:36:00,1100.0,114.5,S
2021-06-11T13:33:58,700.0,114.9,S
2021-06-11T13:33:58,2300.0,114.9,S
2021-06-11T13:32:51,100.0,114.9,S
2021-06-11T13:32:48,800.0,114.9,S
2021-06-11T13:32:35,1400.0,114.9,S
2021-06-11T13:32:35,1600.0,114.9,S
2021-06-11T13:32:18,1000.0,114.9,S
2021-06-11T13:31:58,2000.0,114.9,S
2021-06-11T13:31:29,2900.0,114.8,S
2021-06-11T13:30:41,2100.0,114.8,B
2021-06-11T13:30:37,2000.0,114.8,B
2021-06-11T13:29:44,1900.0,114.8,B
2021-06-11T13:28:43,2000.0,115.0,B
2021-06-11T13:28:21,1200.0,114.8,B
2021-06-11T13:27:55,2100.0,115.0,B
2021-06-11T13:27:55,2200.0,114.9,B
2021-06-11T13:27:55,3700.0,114.8,B
2021-06-11T13:27:38,1900.0,114.6,S
2021-06-11T13:27:21,1700.0,114.6,B
2021-06-11T13:27:07,2000.0,114.6,B
2021-06-11T13:26:39,2000.0,114.6,B
2021-06-11T13:26:11,2000.0,114.6,B
2021-06-11T13:25:40,2000.0,114.6,B
2021-06-11T13:25:17,9000.0,114.9,B
2021-06-11T13:24:28,1800.0,114.6,B
2021-06-11T13:24:01,500.0,114.5,S
2021-06-11T13:23:47,100.0,114.5,S
2021-06-11T13:23:42,100.0,114.5,S
2021-06-11T13:23:41,2000.0,114.8,S
2021-06-11T13:23:39,100.0,114.5,S
2021-06-11T13:23:33,100.0,114.5,S
2021-06-11T13:23:30,3000.0,114.8,S
2021-06-11T13:23:27,100.0,114.5,S
2021-06-11T13:23:22,100.0,114.5,S
2021-06-11T13:23:17,100.0,114.5,S
2021-06-11T13:23:10,100.0,114.5,S
2021-06-11T13:23:05,100.0,114.5,S
2021-06-11T13:23:04,100.0,114.5,S
2021-06-11T13:22:53,100.0,114.5,S
2021-06-11T13:22:47,100.0,114.5,S
2021-06-11T13:22:39,100.0,114.5,S
2021-06-11T13:22:31,100.0,114.5,S
2021-06-11T13:22:27,100.0,114.5,S
2021-06-11T13:22:18,100.0,114.5,S
2021-06-11T13:22:14,100.0,114.5,S
2021-06-11T13:22:08,100.0,114.5,S
2021-06-11T13:21:57,100.0,114.5,S
2021-06-11T13:21:44,100.0,114.5,S
2021-06-11T13:21:42,600.0,115.0,B
2021-06-11T13:21:41,9400.0,115.0,B
2021-06-11T13:21:32,100.0,114.5,S
2021-06-11T13:21:25,100.0,114.5,S
2021-06-11T13:21:20,100.0,114.5,S
2021-06-11T13:21:15,100.0,114.5,S
2021-06-11T13:21:08,100.0,114.5,S
2021-06-11T13:21:05,1000.0,114.5,S
2021-06-11T13:21:01,100.0,114.7,S
2021-06-11T13:20:58,100.0,114.7,S
2021-06-11T13:20:51,3000.0,114.8,S
2021-06-11T13:20:40,2100.0,114.8,S
2021-06-11T13:20:16,1800.0,114.8,B
2021-06-11T13:20:16,1300.0,114.8,B
2021-06-11T13:19:58,100.0,114.8,B
2021-06-11T13:19:49,1900.0,114.8,B
2021-06-11T13:19:48,200.0,114.8,B
2021-06-11T13:19:40,1100.0,114.8,B
2021-06-11T13:19:23,5100.0,114.7,B
2021-06-11T13:18:37,500.0,114.8,B
2021-06-11T13:18:17,3000.0,114.8,B
2021-06-11T13:17:57,1100.0,114.7,B
2021-06-11T13:17:55,5000.0,114.7,B
2021-06-11T13:17:32,1500.0,114.7,B
2021-06-11T13:17:30,800.0,114.7,B
2021-06-11T13:17:17,2200.0,114.7,B
2021-06-11T13:17:04,2000.0,114.7,B
2021-06-11T13:16:35,100.0,114.7,B
2021-06-11T13:16:27,3500.0,114.7,B
2021-06-11T13:15:51,300.0,114.7,B
2021-06-11T13:15:04,600.0,114.8,B
2021-06-11T13:14:51,2500.0,114.6,S
2021-06-11T13:14:37,1300.0,114.6,S
2021-06-11T13:14:37,300.0,114.7,B
2021-06-11T13:14:37,400.0,114.7,B
2021-06-11T13:14:12,2600.0,114.7,B
2021-06-11T13:13:58,1500.0,114.6,S
2021-06-11T13:13:53,700.0,114.7,B
2021-06-11T13:13:53,400.0,114.7,B
2021-06-11T13:13:48,2300.0,114.6,S
2021-06-11T13:12:54,3000.0,114.7,B
2021-06-11T13:12:42,400.0,114.7,B
2021-06-11T13:12:12,200.0,114.7,B
2021-06-11T13:11:47,1400.0,114.7,S
2021-06-11T13:11:35,2500.0,114.8,S
2021-06-11T13:11:19,1400.0,114.7,S
2021-06-11T13:11:19,1100.0,114.7,S
2021-06-11T13:10:39,1200.0,114.7,S
2021-06-11T13:10:25,2000.0,114.6,S
2021-06-11T13:10:20,100.0,114.6,S
2021-06-11T13:10:03,700.0,114.9,B
2021-06-11T13:09:30,100.0,114.9,B
2021-06-11T13:08:52,3000.0,114.9,B
2021-06-11T13:08:39,5000.0,115.0,B
2021-06-11T13:08:31,2000.0,114.7,B
2021-06-11T13:08:18,3000.0,114.7,B
2021-06-11T13:08:07,3000.0,114.8,B
2021-06-11T13:07:40,4000.0,114.6,S
2021-06-11T13:07:27,300.0,114.7,B
2021-06-11T13:06:50,1000.0,114.6,S
2021-06-11T13:06:11,1200.0,114.6,B
2021-06-11T13:05:57,3800.0,114.6,B
2021-06-11T13:05:57,1200.0,114.6,B
2021-06-11T13:05:37,100.0,114.6,B
2021-06-11T13:05:30,4000.0,114.6,B
2021-06-11T13:04:34,3500.0,114.4,B
2021-06-11T13:04:33,1500.0,114.4,B
2021-06-11T11:30:08,1600.0,114.4,S
2021-06-11T11:29:39,700.0,114.4,S
2021-06-11T11:29:32,3800.0,114.4,S
2021-06-11T11:29:09,800.0,114.4,B
2021-06-11T11:29:01,3000.0,114.4,B
2021-06-11T11:27:57,200.0,114.4,S
2021-06-11T11:26:55,4000.0,114.4,S
2021-06-11T11:25:53,1300.0,114.5,B
2021-06-11T11:25:42,2300.0,114.5,B
2021-06-11T11:25:12,200.0,114.4,S
2021-06-11T11:24:13,500.0,114.4,B
2021-06-11T11:23:58,2000.0,114.4,B
2021-06-11T11:23:52,1000.0,114.5,B
2021-06-11T11:23:49,1300.0,114.4,B
2021-06-11T11:23:40,2000.0,114.4,B
2021-06-11T11:23:08,800.0,114.4,B
2021-06-11T11:22:56,500.0,114.4,B
2021-06-11T11:22:44,400.0,114.4,B
2021-06-11T11:22:36,2000.0,114.4,B
2021-06-11T11:22:22,1600.0,114.4,B
2021-06-11T11:21:32,2800.0,114.4,S
2021-06-11T11:21:00,900.0,114.4,B
2021-06-11T11:20:51,2700.0,114.4,B
2021-06-11T11:20:51,300.0,114.4,B
2021-06-11T11:20:08,400.0,114.4,B
2021-06-11T11:19:55,1900.0,114.4,B
2021-06-11T11:19:30,1500.0,114.4,S
2021-06-11T11:19:24,2000.0,114.4,S
2021-06-11T11:19:17,1800.0,114.4,S
2021-06-11T11:18:02,1500.0,114.4,B
2021-06-11T11:17:31,2500.0,114.4,S
2021-06-11T11:17:03,1400.0,114.4,B
2021-06-11T11:16:55,1500.0,114.4,B
2021-06-11T11:16:53,400.0,114.4,B
2021-06-11T11:16:45,1600.0,114.4,B
2021-06-11T11:16:36,1200.0,114.4,B
2021-06-11T11:14:49,200.0,114.4,B
2021-06-11T11:14:30,200.0,114.4,B
2021-06-11T11:12:46,300.0,114.2,B
2021-06-11T11:11:53,2200.0,114.2,S
2021-06-11T11:11:13,2000.0,114.4,B
2021-06-11T11:10:49,3200.0,114.2,S
2021-06-11T11:10:34,1100.0,114.3,B
2021-06-11T11:10:34,100.0,114.3,B
2021-06-11T11:10:33,1000.0,114.3,B
2021-06-11T11:10:26,100.0,114.2,S
2021-06-11T11:10:26,1100.0,114.2,S
2021-06-11T11:09:53,400.0,114.2,B
2021-06-11T11:09:34,2000.0,114.2,B
2021-06-11T11:09:22,1500.0,114.2,B
2021-06-11T11:09:04,100.0,114.0,B
2021-06-11T11:08:32,3000.0,114.0,B
2021-06-11T11:08:25,800.0,114.0,S
2021-06-11T11:06:33,500.0,114.3,B
2021-06-11T11:06:13,100.0,114.0,S
2021-06-11T10:59:35,1800.0,114.3,B
2021-06-11T10:58:36,1000.0,114.2,B
2021-06-11T10:58:22,300.0,114.0,S
2021-06-11T10:58:16,100.0,114.0,S
2021-06-11T10:58:16,100.0,114.0,S
2021-06-11T10:58:13,100.0,114.0,S
2021-06-11T10:58:09,100.0,114.0,S
2021-06-11T10:58:03,100.0,114.0,S
2021-06-11T10:57:58,100.0,114.0,S
2021-06-11T10:57:53,100.0,114.0,S
2021-06-11T10:57:48,100.0,114.0,S
2021-06-11T10:57:47,300.0,114.1,S
2021-06-11T10:57:43,100.0,114.1,S
2021-06-11T10:57:38,100.0,114.1,S
2021-06-11T10:57:33,100.0,114.1,B
2021-06-11T10:57:31,1900.0,114.1,B
2021-06-11T10:57:28,100.0,114.0,S
2021-06-11T10:57:25,100.0,114.0,S
2021-06-11T10:57:21,100.0,114.0,S
2021-06-11T10:57:17,100.0,114.0,S
2021-06-11T10:57:14,100.0,114.0,S
2021-06-11T10:57:08,100.0,114.0,S
2021-06-11T10:56:59,100.0,114.0,S
2021-06-11T10:56:52,100.0,114.0,S
2021-06-11T10:56:44,100.0,114.0,S
2021-06-11T10:56:33,100.0,114.0,S
2021-06-11T10:56:27,100.0,114.0,S
2021-06-11T10:56:21,100.0,114.0,S
2021-06-11T10:56:16,300.0,114.1,B
2021-06-11T10:55:46,400.0,114.0,B
2021-06-11T10:55:43,600.0,114.0,B
2021-06-11T10:55:43,100.0,113.9,S
2021-06-11T10:55:38,100.0,113.9,S
2021-06-11T10:55:34,100.0,113.9,S
2021-06-11T10:55:30,100.0,113.9,S
2021-06-11T10:55:28,600.0,114.0,B
2021-06-11T10:55:27,100.0,114.0,B
2021-06-11T10:55:22,100.0,114.0,B
2021-06-11T10:55:20,1000.0,114.0,B
2021-06-11T10:55:19,100.0,113.9,S
2021-06-11T10:55:08,100.0,113.9,S
2021-06-11T10:55:03,100.0,113.9,S
2021-06-11T10:54:59,100.0,113.9,S
2021-06-11T10:54:55,1600.0,114.0,B
2021-06-11T10:54:54,100.0,113.9,S
2021-06-11T10:54:49,100.0,113.9,S
2021-06-11T10:54:43,400.0,114.0,B
2021-06-11T10:54:43,100.0,114.0,B
2021-06-11T10:54:38,100.0,114.0,B
2021-06-11T10:54:35,2400.0,114.0,B
2021-06-11T10:54:33,100.0,113.9,S
2021-06-11T10:54:28,100.0,113.9,S
2021-06-11T10:54:22,100.0,113.9,S
2021-06-11T10:54:17,100.0,113.9,S
2021-06-11T10:54:13,100.0,113.9,S
2021-06-11T10:54:06,100.0,113.9,S
2021-06-11T10:53:58,100.0,113.9,S
2021-06-11T10:53:38,100.0,113.9,S
2021-06-11T10:53:30,200.0,113.9,S
2021-06-11T10:53:25,100.0,113.9,S
2021-06-11T10:53:19,100.0,113.9,S
2021-06-11T10:53:13,100.0,113.9,S
2021-06-11T10:53:07,100.0,113.9,S
2021-06-11T10:53:01,1100.0,114.0,B
2021-06-11T10:52:59,100.0,113.9,S
2021-06-11T10:52:53,100.0,113.9,S
2021-06-11T10:52:47,100.0,113.9,S
2021-06-11T10:52:40,100.0,113.9,S
2021-06-11T10:52:37,800.0,114.0,B
2021-06-11T10:52:34,100.0,113.9,S
2021-06-11T10:52:28,100.0,113.9,S
2021-06-11T10:52:22,100.0,113.9,S
2021-06-11T10:52:13,100.0,113.9,S
2021-06-11T10:52:09,100.0,113.9,S
2021-06-11T10:52:06,1300.0,114.0,B
2021-06-11T10:52:05,1200.0,113.9,S
2021-06-11T10:52:05,100.0,113.9,S
2021-06-11T10:52:01,100.0,113.9,S
2021-06-11T10:52:00,100.0,113.9,S
2021-06-11T10:51:57,100.0,113.9,S
2021-06-11T10:51:54,100.0,113.9,S
2021-06-11T10:51:48,100.0,113.9,S
2021-06-11T10:51:44,100.0,113.9,S
2021-06-11T10:51:42,1800.0,114.0,B
2021-06-11T10:51:42,200.0,114.0,B
2021-06-11T10:51:41,100.0,114.0,B
2021-06-11T10:51:40,1100.0,113.9,S
2021-06-11T10:51:38,100.0,113.9,S
2021-06-11T10:51:31,100.0,113.9,S
2021-06-11T10:51:29,100.0,113.9,S
2021-06-11T10:51:15,1200.0,113.9,S
2021-06-11T10:51:05,100.0,113.9,S
2021-06-11T10:50:57,2000.0,113.9,S
2021-06-11T10:50:48,1000.0,113.9,B
2021-06-11T10:50:46,200.0,113.9,B
2021-06-11T10:50:43,100.0,113.9,B
2021-06-11T10:50:38,100.0,113.9,B
2021-06-11T10:50:32,100.0,113.9,B
2021-06-11T10:50:28,100.0,113.9,B
2021-06-11T10:50:23,100.0,113.9,B
2021-06-11T10:50:15,100.0,113.9,B
2021-06-11T10:50:10,100.0,113.9,B
2021-06-11T10:50:03,100.0,113.9,B
2021-06-11T10:49:59,100.0,113.9,B
2021-06-11T10:49:56,100.0,113.9,B
2021-06-11T10:49:54,100.0,113.9,B
2021-06-11T10:49:51,100.0,113.9,B
2021-06-11T10:49:48,1300.0,113.9,B
2021-06-11T10:49:47,100.0,113.9,B
2021-06-11T10:49:44,100.0,113.9,B
2021-06-11T10:49:37,100.0,113.9,B
2021-06-11T10:49:31,1000.0,113.9,B
2021-06-11T10:49:29,100.0,113.9,B
2021-06-11T10:49:22,100.0,113.9,B
2021-06-11T10:49:15,100.0,113.9,B
2021-06-11T10:49:04,100.0,113.9,B
2021-06-11T10:48:57,100.0,113.9,B
2021-06-11T10:48:56,1100.0,113.9,B
2021-06-11T10:48:48,100.0,113.9,B
2021-06-11T10:48:43,100.0,113.9,B
2021-06-11T10:48:35,100.0,113.9,B
2021-06-11T10:48:29,1800.0,113.9,B
2021-06-11T10:48:00,1300.0,113.8,S
2021-06-11T10:47:41,1400.0,113.9,B
2021-06-11T10:47:21,2000.0,113.9,B
2021-06-11T10:45:15,800.0,113.8,S
2021-06-11T10:44:35,1200.0,113.8,S
2021-06-11T10:40:03,1000.0,113.8,S
2021-06-11T10:37:30,1500.0,113.8,S
2021-06-11T10:36:52,100.0,113.9,B
2021-06-11T10:36:37,100.0,113.9,B
2021-06-11T10:36:30,100.0,113.9,B
2021-06-11T10:35:49,200.0,113.9,B
2021-06-11T10:35:23,1500.0,113.9,S
2021-06-11T10:34:51,100.0,113.9,S
2021-06-11T10:34:46,2000.0,113.9,S
2021-06-11T10:34:08,100.0,114.0,B
2021-06-11T10:29:24,100.0,114.0,B
2021-06-11T10:29:04,200.0,114.0,B
2021-06-11T10:28:36,300.0,114.0,B
2021-06-11T10:27:14,2500.0,114.0,B
2021-06-11T10:26:58,1400.0,113.9,B
2021-06-11T10:26:34,3000.0,113.9,B
2021-06-11T10:26:26,100.0,113.9,B
2021-06-11T10:26:12,2200.0,113.9,B
2021-06-11T10:25:52,1800.0,113.9,B
2021-06-11T10:25:16,2000.0,113.9,B
2021-06-11T10:25:08,100.0,113.9,B
2021-06-11T10:24:57,2600.0,113.9,B
2021-06-11T10:24:44,1800.0,113.9,B
2021-06-11T10:23:58,100.0,113.9,S
2021-06-11T10:23:21,300.0,113.9,S
2021-06-11T10:23:14,2200.0,113.9,B
2021-06-11T10:23:07,200.0,113.9,B
2021-06-11T10:22:44,100.0,113.9,B
2021-06-11T10:22:37,2900.0,113.9,B
2021-06-11T10:22:19,1600.0,113.9,B
2021-06-11T10:22:10,300.0,113.9,B
2021-06-11T10:22:04,2200.0,113.9,B
2021-06-11T10:21:54,100.0,113.9,B
2021-06-11T10:21:31,3000.0,113.9,B
2021-06-11T10:21:15,1600.0,113.9,B
2021-06-11T10:20:56,2500.0,113.9,B
2021-06-11T10:20:10,1000.0,113.9,B
2021-06-11T10:20:01,400.0,113.9,S
2021-06-11T10:19:38,2000.0,113.9,B
2021-06-11T10:19:21,2400.0,113.9,B
2021-06-11T10:18:57,1200.0,113.9,B
2021-06-11T10:18:24,1700.0,113.8,B
2021-06-11T10:18:24,900.0,113.8,B
2021-06-11T10:18:24,800.0,113.8,B
2021-06-11T10:18:11,3000.0,113.8,B
2021-06-11T10:17:22,300.0,113.8,B
2021-06-11T10:17:05,1900.0,113.7,B
2021-06-11T10:16:56,200.0,113.5,S
2021-06-11T10:16:49,1700.0,113.7,B
2021-06-11T10:16:31,2000.0,113.7,B
2021-06-11T10:16:07,1800.0,113.7,B
2021-06-11T10:15:46,300.0,113.7,B
2021-06-11T10:15:39,2700.0,113.7,B
2021-06-11T10:15:14,1000.0,113.7,B
2021-06-11T10:15:01,2000.0,113.7,B
2021-06-11T10:14:46,2000.0,113.0,S
2021-06-11T10:14:24,2600.0,113.6,B
2021-06-11T10:14:13,2200.0,113.6,B
2021-06-11T10:13:52,3000.0,113.5,B
2021-06-11T10:13:13,600.0,113.5,S
2021-06-11T10:12:44,1300.0,113.6,B
2021-06-11T10:12:44,1000.0,113.6,B
2021-06-11T10:12:29,1200.0,113.6,B
2021-06-11T10:12:05,3000.0,113.6,B
2021-06-11T10:11:44,1000.0,113.1,S
2021-06-11T10:11:24,2300.0,113.6,B
2021-06-11T10:11:08,500.0,113.6,B
2021-06-11T10:11:08,500.0,113.6,B
2021-06-11T10:10:41,2200.0,113.6,B
2021-06-11T10:10:27,3000.0,113.6,B
2021-06-11T10:10:20,1000.0,113.1,S
2021-06-11T10:09:39,2200.0,113.6,B
2021-06-11T10:09:17,1500.0,113.6,B
2021-06-11T10:09:06,100.0,113.6,S
2021-06-11T10:08:48,1900.0,113.6,B
2021-06-11T10:08:34,1500.0,113.6,B
2021-06-11T10:08:25,100.0,113.1,S
2021-06-11T10:08:12,200.0,113.1,S
2021-06-11T10:04:44,600.0,113.0,S
2021-06-11T10:04:44,100.0,113.1,S
2021-06-11T10:03:17,500.0,113.7,S
2021-06-11T10:03:14,300.0,113.7,S
2021-06-11T10:01:24,1000.0,113.8,B
2021-06-11T09:59:09,3000.0,113.5,B
2021-06-11T09:58:10,1000.0,113.5,B
2021-06-11T09:57:20,1000.0,113.5,B
2021-06-11T09:57:00,2000.0,113.5,B
2021-06-11T09:56:25,3000.0,113.5,B
2021-06-11T09:56:02,100.0,113.3,B
2021-06-11T09:53:00,500.0,113.3,B
2021-06-11T09:52:21,500.0,113.3,B
2021-06-11T09:49:18,400.0,113.0,B
2021-06-11T09:49:08,3000.0,113.0,B
2021-06-11T09:48:22,400.0,112.9,B
2021-06-11T09:47:59,100.0,112.9,B
2021-06-11T09:47:17,300.0,112.9,B
2021-06-11T09:46:12,200.0,112.9,B
2021-06-11T09:42:23,200.0,112.8,S
2021-06-11T09:41:32,100.0,112.8,S
2021-06-11T09:41:23,300.0,112.8,S
2021-06-11T09:38:22,600.0,112.8,S
2021-06-11T09:37:49,500.0,113.0,B
2021-06-11T09:36:13,3300.0,113.0,S
2021-06-11T09:36:13,400.0,113.0,S
2021-06-11T09:35:49,400.0,113.8,B
2021-06-11T09:35:49,1000.0,113.7,B
2021-06-11T09:35:48,1600.0,113.7,B
2021-06-11T09:35:23,500.0,113.3,S
2021-06-11T09:35:06,600.0,113.0,S
2021-06-11T09:35:06,300.0,113.0,S
2021-06-11T09:34:59,300.0,113.3,S
2021-06-11T09:34:19,1000.0,113.3,S
2021-06-11T09:34:07,1000.0,113.3,S
2021-06-11T09:34:02,1000.0,113.7,B
2021-06-11T09:33:44,600.0,113.7,B
2021-06-11T09:33:44,2400.0,113.7,B
2021-06-11T09:32:44,100.0,113.6,S
2021-06-11T09:31:14,3000.0,113.7,B
2021-06-11T09:30:32,300.0,113.3,S
2021-06-11T09:30:32,2700.0,113.3,S
2021-06-11T09:30:31,200.0,113.5,S
2021-06-11T09:30:10,1000.0,113.5,S
2021-06-11T09:29:26,3000.0,113.7,B
2021-06-11T09:28:49,2000.0,113.8,B
2021-06-11T09:28:44,500.0,113.5,S
2021-06-11T09:28:40,3000.0,113.8,B
2021-06-11T09:28:33,100.0,113.7,S
2021-06-11T09:28:08,200.0,113.5,S
2021-06-11T09:28:02,200.0,113.8,B
2021-06-11T09:27:56,1200.0,113.8,B
2021-06-11T09:27:47,1700.0,113.8,B
2021-06-11T09:27:46,200.0,113.5,S
2021-06-11T09:27:12,200.0,113.5,S
2021-06-11T09:27:08,1000.0,113.5,S
2021-06-11T09:27:01,100.0,113.5,S
2021-06-11T09:27:00,100.0,113.7,B
2021-06-11T09:25:59,1200.0,113.8,B
2021-06-11T09:25:49,3000.0,113.8,B
2021-06-11T09:24:58,200.0,113.8,B
2021-06-11T09:23:54,800.0,113.8,S
2021-06-11T09:23:50,2200.0,113.8,S
2021-06-11T09:23:31,600.0,113.6,S
2021-06-11T09:23:07,1100.0,113.8,S
2021-06-11T09:22:55,500.0,113.9,B
2021-06-11T09:22:44,300.0,113.8,B
2021-06-11T09:22:30,1900.0,113.8,B
2021-06-11T09:22:20,2000.0,113.8,B
2021-06-11T09:22:17,100.0,113.8,B
2021-06-11T09:22:11,3000.0,113.8,B
2021-06-11T09:20:57,1000.0,113.8,B
2021-06-11T09:20:47,1000.0,113.8,S
2021-06-11T09:20:37,900.0,113.8,S
2021-06-11T09:20:36,100.0,113.8,B
2021-06-11T09:20:24,100.0,113.8,B
2021-06-11T09:20:16,3000.0,113.8,B
2021-06-11T09:19:44,2000.0,113.8,B
2021-06-11T09:19:21,500.0,113.8,B
2021-06-11T09:18:22,2000.0,113.8,S
2021-06-11T09:18:13,200.0,113.8,S
2021-06-11T09:18:06,100.0,113.8,S
2021-06-11T09:17:55,700.0,113.8,S
2021-06-11T09:17:35,1000.0,113.8,S
2021-06-11T09:17:23,100.0,113.8,S
2021-06-11T09:16:00,300.0,113.8,S
