tradingTime,volume,price,side
2021-06-11T14:59:34,500.0,102.9,S
2021-06-11T14:57:52,200.0,103.0,B
2021-06-11T14:57:07,400.0,103.0,B
2021-06-11T14:54:53,1000.0,103.0,B
2021-06-11T14:54:17,1000.0,103.0,B
2021-06-11T14:53:41,500.0,102.9,S
2021-06-11T14:52:27,200.0,102.9,S
2021-06-11T14:52:12,100.0,102.9,S
2021-06-11T14:49:32,800.0,102.8,S
2021-06-11T14:48:02,100.0,102.9,S
2021-06-11T14:45:37,200.0,102.8,S
2021-06-11T14:43:27,500.0,102.8,S
2021-06-11T14:39:38,500.0,102.8,S
2021-06-11T14:37:52,100.0,102.8,S
2021-06-11T14:36:38,1900.0,102.8,S
2021-06-11T14:36:17,100.0,102.9,B
2021-06-11T14:35:42,200.0,102.9,B
2021-06-11T14:35:37,100.0,102.9,B
2021-06-11T14:35:17,2700.0,102.9,S
2021-06-11T14:34:32,100.0,102.9,S
2021-06-11T14:33:26,100.0,102.9,S
2021-06-11T14:32:47,1000.0,102.9,S
2021-06-11T14:32:37,200.0,103.0,B
2021-06-11T14:32:07,200.0,103.0,B
2021-06-11T14:31:37,200.0,103.0,B
2021-06-11T14:31:22,400.0,103.0,B
2021-06-11T14:31:02,300.0,103.0,B
2021-06-11T14:30:32,300.0,103.0,B
2021-06-11T14:30:32,500.0,103.0,B
2021-06-11T14:30:02,200.0,103.0,B
2021-06-11T14:29:32,200.0,103.0,B
2021-06-11T14:29:24,2400.0,103.0,B
2021-06-11T14:27:56,2300.0,102.9,B
2021-06-11T14:27:27,200.0,102.9,B
2021-06-11T14:26:56,200.0,102.9,B
2021-06-11T14:26:24,200.0,102.9,B
2021-06-11T14:25:53,200.0,102.9,B
2021-06-11T14:25:47,100.0,102.9,B
2021-06-11T14:24:26,1000.0,102.8,S
2021-06-11T14:24:07,1000.0,102.8,S
2021-06-11T14:24:00,1000.0,102.8,S
2021-06-11T14:23:48,200.0,102.9,B
2021-06-11T14:23:16,200.0,102.9,B
2021-06-11T14:22:46,200.0,102.9,B
2021-06-11T14:22:12,200.0,102.9,B
2021-06-11T14:21:53,300.0,102.9,B
2021-06-11T14:18:09,2000.0,102.8,S
2021-06-11T14:18:05,200.0,102.9,B
2021-06-11T14:17:34,200.0,102.9,B
2021-06-11T14:17:02,200.0,102.9,B
2021-06-11T14:16:31,200.0,102.9,B
2021-06-11T14:16:01,600.0,102.9,B
2021-06-11T14:16:00,200.0,102.9,B
2021-06-11T14:15:28,100.0,102.9,B
2021-06-11T14:15:01,200.0,102.9,B
2021-06-11T14:11:54,400.0,102.8,S
2021-06-11T14:10:16,100.0,102.8,B
2021-06-11T14:09:45,200.0,102.8,B
2021-06-11T14:09:29,1200.0,102.8,S
2021-06-11T14:07:29,400.0,102.8,B
2021-06-11T14:06:57,200.0,102.6,S
2021-06-11T14:05:29,1000.0,102.6,S
2021-06-11T14:04:59,200.0,102.6,S
2021-06-11T14:02:05,100.0,102.6,S
2021-06-11T14:01:11,200.0,102.6,S
2021-06-11T14:00:23,100.0,102.6,B
2021-06-11T13:59:51,100.0,102.6,B
2021-06-11T13:59:20,200.0,102.6,B
2021-06-11T13:58:49,200.0,102.6,B
2021-06-11T13:58:21,100.0,102.6,B
2021-06-11T13:58:18,200.0,102.6,B
2021-06-11T13:57:57,200.0,102.6,B
2021-06-11T13:57:47,200.0,102.6,B
2021-06-11T13:57:15,200.0,102.6,B
2021-06-11T13:57:04,3500.0,102.6,S
2021-06-11T13:56:44,200.0,102.8,B
2021-06-11T13:56:13,200.0,102.8,B
2021-06-11T13:55:42,200.0,102.8,B
2021-06-11T13:55:10,200.0,102.8,B
2021-06-11T13:54:38,200.0,102.8,B
2021-06-11T13:54:08,200.0,102.8,B
2021-06-11T13:53:37,200.0,102.8,B
2021-06-11T13:53:06,200.0,102.8,B
2021-06-11T13:52:42,1900.0,102.8,B
2021-06-11T13:52:34,200.0,102.8,B
2021-06-11T13:52:03,200.0,102.8,B
2021-06-11T13:51:34,700.0,102.8,S
2021-06-11T13:51:32,200.0,103.0,B
2021-06-11T13:51:01,200.0,103.0,B
2021-06-11T13:50:28,200.0,103.0,B
2021-06-11T13:50:16,200.0,103.0,B
2021-06-11T13:49:57,200.0,103.0,B
2021-06-11T13:49:33,3300.0,103.0,S
2021-06-11T13:48:49,100.0,103.0,S
2021-06-11T13:48:18,500.0,103.0,S
2021-06-11T13:48:01,5000.0,103.0,S
2021-06-11T13:47:33,100.0,103.1,S
2021-06-11T13:47:26,100.0,103.1,S
2021-06-11T13:46:21,100.0,103.0,S
2021-06-11T13:45:16,500.0,103.0,S
2021-06-11T13:44:46,200.0,103.4,B
2021-06-11T13:44:15,100.0,103.4,B
2021-06-11T13:44:08,100.0,103.4,B
2021-06-11T13:41:21,5000.0,103.0,S
2021-06-11T13:41:07,200.0,103.4,B
2021-06-11T13:40:36,200.0,103.4,B
2021-06-11T13:40:05,200.0,103.4,B
2021-06-11T13:39:55,500.0,103.4,S
2021-06-11T13:39:32,100.0,103.4,S
2021-06-11T13:38:00,200.0,103.4,B
2021-06-11T13:37:28,300.0,103.4,S
2021-06-11T13:37:05,1400.0,103.4,B
2021-06-11T13:36:57,200.0,103.4,B
2021-06-11T13:36:54,100.0,103.4,B
2021-06-11T13:36:47,300.0,103.4,S
2021-06-11T13:36:44,200.0,103.4,S
2021-06-11T13:36:10,2000.0,103.4,S
2021-06-11T13:35:30,1000.0,103.4,S
2021-06-11T13:35:25,300.0,103.5,B
2021-06-11T13:35:18,2000.0,103.5,B
2021-06-11T13:34:53,200.0,103.5,B
2021-06-11T13:34:21,200.0,103.5,B
2021-06-11T13:34:07,1000.0,103.5,B
2021-06-11T13:33:50,100.0,103.4,B
2021-06-11T13:33:18,200.0,103.4,B
2021-06-11T13:33:10,200.0,103.4,S
2021-06-11T13:32:38,100.0,103.4,S
2021-06-11T13:32:33,500.0,103.4,S
2021-06-11T13:31:11,400.0,103.4,B
2021-06-11T13:31:02,700.0,103.3,S
2021-06-11T13:30:49,700.0,103.3,B
2021-06-11T13:30:43,200.0,103.3,B
2021-06-11T13:30:26,500.0,103.3,B
2021-06-11T13:30:11,100.0,103.3,B
2021-06-11T13:30:03,2200.0,103.3,B
2021-06-11T13:29:41,200.0,103.2,B
2021-06-11T13:29:08,200.0,103.2,B
2021-06-11T13:29:08,10000.0,103.2,B
2021-06-11T13:28:53,4900.0,103.2,B
2021-06-11T13:28:47,100.0,103.0,S
2021-06-11T13:28:37,200.0,103.2,B
2021-06-11T13:28:35,8600.0,103.2,B
2021-06-11T13:28:06,200.0,103.1,B
2021-06-11T13:28:04,1000.0,103.1,B
2021-06-11T13:27:57,300.0,103.1,B
2021-06-11T13:25:09,7700.0,103.0,B
2021-06-11T13:24:59,200.0,103.0,B
2021-06-11T13:24:28,200.0,103.0,B
2021-06-11T13:24:04,500.0,103.0,B
2021-06-11T13:24:02,1000.0,102.9,S
2021-06-11T13:23:32,500.0,102.9,S
2021-06-11T13:23:05,700.0,102.9,S
2021-06-11T13:21:30,900.0,102.9,S
2021-06-11T13:21:21,200.0,102.9,B
2021-06-11T13:21:05,200.0,102.9,B
2021-06-11T13:20:47,200.0,102.9,B
2021-06-11T13:20:33,3600.0,102.9,S
2021-06-11T13:20:04,1000.0,102.9,S
2021-06-11T13:19:47,200.0,103.0,B
2021-06-11T13:19:23,200.0,103.0,B
2021-06-11T13:19:15,200.0,103.0,B
2021-06-11T13:18:46,500.0,103.0,B
2021-06-11T13:18:43,200.0,103.0,B
2021-06-11T13:18:18,200.0,103.0,B
2021-06-11T13:16:44,1200.0,102.9,S
2021-06-11T13:16:33,100.0,102.9,S
2021-06-11T13:16:13,100.0,102.9,S
2021-06-11T13:15:26,1400.0,102.8,B
2021-06-11T13:13:20,200.0,102.6,S
2021-06-11T13:13:03,14600.0,102.8,S
2021-06-11T13:13:00,200.0,102.9,B
2021-06-11T13:12:29,200.0,102.9,B
2021-06-11T13:11:57,200.0,102.9,B
2021-06-11T13:11:26,200.0,102.9,B
2021-06-11T13:11:25,1000.0,102.9,S
2021-06-11T13:10:58,200.0,102.9,S
2021-06-11T13:10:55,200.0,103.0,B
2021-06-11T13:10:24,200.0,103.0,B
2021-06-11T13:09:52,200.0,103.0,B
2021-06-11T13:09:26,200.0,103.0,B
2021-06-11T13:08:50,200.0,103.0,B
2021-06-11T13:08:19,200.0,103.0,B
2021-06-11T13:07:48,200.0,103.0,B
2021-06-11T13:07:26,100.0,103.0,B
2021-06-11T13:07:16,1000.0,102.8,S
2021-06-11T13:07:09,10000.0,103.0,B
2021-06-11T13:05:17,5500.0,102.8,S
2021-06-11T11:30:00,200.0,102.9,B
2021-06-11T11:29:29,200.0,102.9,B
2021-06-11T11:28:58,200.0,102.9,B
2021-06-11T11:28:38,100.0,102.9,B
2021-06-11T11:28:26,200.0,102.9,B
2021-06-11T11:27:54,200.0,102.9,B
2021-06-11T11:27:41,900.0,102.9,S
2021-06-11T11:25:22,100.0,102.9,S
2021-06-11T11:25:19,200.0,103.0,B
2021-06-11T11:25:12,900.0,103.0,B
2021-06-11T11:24:17,200.0,102.9,B
2021-06-11T11:24:13,300.0,102.9,B
2021-06-11T11:23:53,200.0,102.9,B
2021-06-11T11:23:51,200.0,102.9,B
2021-06-11T11:23:40,200.0,102.9,B
2021-06-11T11:23:14,200.0,102.9,B
2021-06-11T11:22:42,200.0,102.9,B
2021-06-11T11:22:12,200.0,102.9,B
2021-06-11T11:21:40,200.0,103.0,B
2021-06-11T11:21:21,600.0,103.0,B
2021-06-11T11:21:21,2800.0,102.9,B
2021-06-11T11:21:09,100.0,103.0,B
2021-06-11T11:20:39,200.0,103.0,B
2021-06-11T11:20:38,200.0,103.0,B
2021-06-11T11:20:11,200.0,103.0,B
2021-06-11T11:20:07,200.0,103.0,B
2021-06-11T11:19:47,500.0,103.0,B
2021-06-11T11:19:34,200.0,103.0,B
2021-06-11T11:19:04,200.0,103.0,B
2021-06-11T11:18:33,200.0,103.0,B
2021-06-11T11:18:05,1000.0,103.0,B
2021-06-11T11:17:53,1200.0,102.9,S
2021-06-11T11:17:31,200.0,103.0,B
2021-06-11T11:16:59,200.0,103.0,B
2021-06-11T11:16:28,200.0,103.0,B
2021-06-11T11:15:57,200.0,103.0,B
2021-06-11T11:15:46,1000.0,103.0,B
2021-06-11T11:15:26,200.0,103.0,B
2021-06-11T11:15:03,600.0,103.0,B
2021-06-11T11:14:53,200.0,103.0,B
2021-06-11T11:14:36,100.0,103.0,B
2021-06-11T11:14:27,200.0,103.0,B
2021-06-11T11:13:52,200.0,103.0,B
2021-06-11T11:13:47,1000.0,103.0,B
2021-06-11T11:13:43,500.0,102.9,S
2021-06-11T11:13:21,100.0,103.0,B
2021-06-11T11:12:49,200.0,103.0,B
2021-06-11T11:12:19,200.0,103.0,B
2021-06-11T11:12:03,700.0,103.0,S
2021-06-11T11:11:47,100.0,103.1,B
2021-06-11T11:11:32,200.0,103.1,S
2021-06-11T11:10:53,1100.0,103.1,B
2021-06-11T11:10:45,200.0,103.1,B
2021-06-11T11:10:29,1000.0,103.1,B
2021-06-11T11:10:13,100.0,103.1,B
2021-06-11T11:09:42,200.0,103.1,B
2021-06-11T11:09:31,1300.0,103.1,B
2021-06-11T11:09:24,100.0,103.0,S
2021-06-11T11:09:11,100.0,103.0,B
2021-06-11T11:08:52,1000.0,103.0,B
2021-06-11T11:07:27,300.0,102.9,S
2021-06-11T11:07:09,200.0,102.9,S
2021-06-11T11:05:03,300.0,102.9,S
2021-06-11T11:04:40,2000.0,102.9,S
2021-06-11T11:04:29,200.0,103.0,B
2021-06-11T11:04:24,600.0,103.0,B
2021-06-11T11:03:40,1000.0,102.9,S
2021-06-11T11:03:25,100.0,103.0,B
2021-06-11T11:02:56,200.0,103.0,B
2021-06-11T11:02:25,200.0,103.0,B
2021-06-11T11:01:54,100.0,103.0,B
2021-06-11T11:01:26,3000.0,103.0,B
2021-06-11T11:01:22,200.0,103.0,B
2021-06-11T11:01:09,500.0,103.0,B
2021-06-11T10:59:30,500.0,102.9,S
2021-06-11T10:59:28,100.0,102.9,S
2021-06-11T10:59:17,200.0,103.0,B
2021-06-11T10:58:46,100.0,103.0,B
2021-06-11T10:58:14,200.0,103.0,B
2021-06-11T10:57:54,700.0,103.0,B
2021-06-11T10:57:32,300.0,102.9,S
2021-06-11T10:57:13,100.0,103.0,B
2021-06-11T10:56:44,300.0,103.0,B
2021-06-11T10:56:42,2000.0,103.0,B
2021-06-11T10:56:41,200.0,103.0,B
2021-06-11T10:56:34,2000.0,103.0,B
2021-06-11T10:56:31,2200.0,103.0,B
2021-06-11T10:56:11,1000.0,103.0,B
2021-06-11T10:56:05,200.0,102.9,S
2021-06-11T10:55:42,100.0,102.9,S
2021-06-11T10:54:57,100.0,102.9,S
2021-06-11T10:53:38,2000.0,102.9,S
2021-06-11T10:51:30,1200.0,102.9,S
2021-06-11T10:50:35,200.0,102.9,S
2021-06-11T10:49:07,500.0,102.9,S
2021-06-11T10:49:01,1000.0,103.0,B
2021-06-11T10:48:53,100.0,103.0,B
2021-06-11T10:48:22,200.0,103.0,B
2021-06-11T10:47:49,200.0,103.0,B
2021-06-11T10:47:19,100.0,103.0,B
2021-06-11T10:47:06,1000.0,103.0,B
2021-06-11T10:46:48,200.0,103.0,B
2021-06-11T10:46:17,200.0,103.0,B
2021-06-11T10:45:45,100.0,103.0,B
2021-06-11T10:45:32,2000.0,103.0,B
2021-06-11T10:45:14,200.0,103.0,B
2021-06-11T10:44:58,100.0,103.0,B
2021-06-11T10:44:12,100.0,102.9,S
2021-06-11T10:44:11,100.0,103.0,B
2021-06-11T10:44:05,2000.0,103.0,B
2021-06-11T10:44:04,200.0,103.0,B
2021-06-11T10:43:55,1000.0,102.9,B
2021-06-11T10:43:40,200.0,102.9,B
2021-06-11T10:43:34,100.0,102.9,B
2021-06-11T10:43:21,300.0,102.8,S
2021-06-11T10:43:17,100.0,102.9,B
2021-06-11T10:43:08,200.0,102.9,B
2021-06-11T10:42:46,900.0,102.9,B
2021-06-11T10:42:37,100.0,102.9,B
2021-06-11T10:42:23,2000.0,102.9,B
2021-06-11T10:41:35,200.0,102.8,B
2021-06-11T10:41:12,300.0,102.8,B
2021-06-11T10:41:04,100.0,102.8,B
2021-06-11T10:40:58,200.0,102.8,S
2021-06-11T10:40:55,200.0,102.9,B
2021-06-11T10:40:40,2000.0,102.8,S
2021-06-11T10:40:30,100.0,102.8,S
2021-06-11T10:40:11,100.0,102.8,S
2021-06-11T10:40:07,500.0,102.8,S
2021-06-11T10:38:33,1200.0,102.8,S
2021-06-11T10:37:54,100.0,102.8,S
2021-06-11T10:37:45,200.0,102.8,S
2021-06-11T10:37:33,400.0,102.8,S
2021-06-11T10:37:14,100.0,102.8,B
2021-06-11T10:37:07,500.0,102.8,B
2021-06-11T10:36:55,200.0,102.8,B
2021-06-11T10:36:23,200.0,102.8,B
2021-06-11T10:36:17,2000.0,102.8,B
2021-06-11T10:35:36,100.0,102.7,S
2021-06-11T10:35:20,100.0,102.7,B
2021-06-11T10:34:49,200.0,102.7,B
2021-06-11T10:34:32,1000.0,102.7,B
2021-06-11T10:34:17,100.0,102.7,B
2021-06-11T10:33:49,200.0,102.7,B
2021-06-11T10:33:14,200.0,102.7,B
2021-06-11T10:32:50,500.0,102.7,B
2021-06-11T10:32:44,100.0,102.7,B
2021-06-11T10:32:21,1000.0,102.7,B
2021-06-11T10:32:12,200.0,102.6,S
2021-06-11T10:31:41,100.0,102.6,S
2021-06-11T10:30:32,200.0,102.6,S
2021-06-11T10:30:09,200.0,102.7,B
2021-06-11T10:29:58,300.0,102.7,B
2021-06-11T10:29:52,500.0,102.7,B
2021-06-11T10:29:36,100.0,102.7,B
2021-06-11T10:29:06,200.0,102.7,B
2021-06-11T10:29:00,2000.0,102.7,B
2021-06-11T10:27:33,500.0,102.6,S
2021-06-11T10:27:25,100.0,102.6,S
2021-06-11T10:27:01,200.0,102.6,B
2021-06-11T10:27:01,200.0,102.6,B
2021-06-11T10:26:30,100.0,102.6,B
2021-06-11T10:26:12,1000.0,102.6,B
2021-06-11T10:25:59,200.0,102.6,B
2021-06-11T10:25:35,1000.0,102.6,B
2021-06-11T10:25:27,200.0,102.5,B
2021-06-11T10:24:59,600.0,102.5,B
2021-06-11T10:24:56,100.0,102.5,B
2021-06-11T10:24:48,100.0,102.5,B
2021-06-11T10:24:25,200.0,102.5,B
2021-06-11T10:23:54,300.0,102.5,B
2021-06-11T10:19:59,200.0,102.4,S
2021-06-11T10:19:54,500.0,102.5,B
2021-06-11T10:19:44,100.0,102.5,B
2021-06-11T10:19:38,600.0,102.5,B
2021-06-11T10:19:13,200.0,102.5,B
2021-06-11T10:19:09,300.0,102.5,B
2021-06-11T10:18:54,5000.0,102.5,B
2021-06-11T10:18:41,200.0,102.5,B
2021-06-11T10:18:22,2000.0,102.5,B
2021-06-11T10:17:39,100.0,102.4,S
2021-06-11T10:17:28,400.0,102.4,S
2021-06-11T10:17:07,200.0,102.4,B
2021-06-11T10:16:36,100.0,102.4,B
2021-06-11T10:16:05,200.0,102.4,B
2021-06-11T10:15:52,1000.0,102.4,B
2021-06-11T10:14:36,400.0,102.0,S
2021-06-11T10:14:32,200.0,102.4,B
2021-06-11T10:13:59,200.0,102.4,B
2021-06-11T10:13:28,100.0,102.4,B
2021-06-11T10:12:58,200.0,102.4,B
2021-06-11T10:12:33,1000.0,102.4,B
2021-06-11T10:12:27,200.0,102.0,B
2021-06-11T10:12:13,100.0,102.0,B
2021-06-11T10:12:04,1000.0,102.0,B
2021-06-11T10:11:55,100.0,102.0,B
2021-06-11T10:11:23,200.0,102.0,B
2021-06-11T10:10:53,200.0,102.0,B
2021-06-11T10:10:22,100.0,102.0,B
2021-06-11T10:09:50,200.0,102.0,B
2021-06-11T10:09:18,200.0,102.0,B
2021-06-11T10:09:06,500.0,102.0,S
2021-06-11T10:07:45,100.0,102.0,B
2021-06-11T10:07:30,500.0,102.0,B
2021-06-11T10:07:14,200.0,102.0,B
2021-06-11T10:06:42,100.0,102.0,B
2021-06-11T10:06:13,200.0,102.0,B
2021-06-11T10:06:07,100.0,102.0,B
2021-06-11T10:05:41,300.0,102.0,B
2021-06-11T10:05:26,100.0,102.0,B
2021-06-11T10:05:09,100.0,102.0,B
2021-06-11T10:05:06,200.0,102.0,B
2021-06-11T10:04:37,200.0,102.0,B
2021-06-11T10:04:36,4300.0,102.0,B
2021-06-11T10:04:06,200.0,102.5,B
2021-06-11T10:03:36,100.0,102.5,B
2021-06-11T10:03:30,200.0,102.5,B
2021-06-11T10:03:24,1000.0,102.1,S
2021-06-11T10:03:04,200.0,102.5,B
2021-06-11T10:02:46,1800.0,102.5,B
2021-06-11T10:02:33,200.0,102.5,B
2021-06-11T10:02:28,200.0,102.5,B
2021-06-11T10:02:02,100.0,102.5,B
2021-06-11T10:01:31,400.0,102.5,S
2021-06-11T10:01:31,200.0,102.6,B
2021-06-11T10:01:08,700.0,102.6,B
2021-06-11T10:00:41,100.0,102.6,B
2021-06-11T10:00:40,100.0,102.6,B
2021-06-11T10:00:36,100.0,102.6,B
2021-06-11T10:00:28,100.0,102.6,B
2021-06-11T10:00:04,300.0,102.6,B
2021-06-11T10:00:02,400.0,102.6,S
2021-06-11T09:59:17,100.0,102.6,S
2021-06-11T09:58:57,100.0,102.6,S
2021-06-11T09:58:54,100.0,102.7,B
2021-06-11T09:58:39,1600.0,102.7,B
2021-06-11T09:58:23,200.0,102.6,B
2021-06-11T09:58:20,400.0,102.6,B
2021-06-11T09:57:50,1000.0,102.6,B
2021-06-11T09:57:20,100.0,102.6,B
2021-06-11T09:57:17,100.0,102.6,B
2021-06-11T09:57:10,900.0,102.7,B
2021-06-11T09:57:01,400.0,102.6,S
2021-06-11T09:56:26,300.0,102.6,S
2021-06-11T09:56:18,200.0,102.6,B
2021-06-11T09:55:46,100.0,102.6,B
2021-06-11T09:55:20,300.0,102.6,S
2021-06-11T09:55:10,100.0,102.6,S
2021-06-11T09:54:42,300.0,102.6,S
2021-06-11T09:54:26,1700.0,102.6,B
2021-06-11T09:54:23,500.0,102.6,B
2021-06-11T09:54:06,600.0,102.5,B
2021-06-11T09:54:00,100.0,102.5,B
2021-06-11T09:53:57,300.0,102.5,B
2021-06-11T09:53:42,200.0,102.6,B
2021-06-11T09:53:11,200.0,102.6,B
2021-06-11T09:52:47,3000.0,102.6,B
2021-06-11T09:52:40,100.0,102.2,B
2021-06-11T09:52:31,500.0,102.2,S
2021-06-11T09:52:20,500.0,102.2,S
2021-06-11T09:52:15,1000.0,102.2,S
2021-06-11T09:50:55,2000.0,102.2,S
2021-06-11T09:50:49,900.0,102.2,S
2021-06-11T09:50:35,900.0,102.2,S
2021-06-11T09:49:59,200.0,102.2,S
2021-06-11T09:49:54,100.0,102.2,S
2021-06-11T09:49:47,300.0,102.2,S
2021-06-11T09:49:33,300.0,102.1,S
2021-06-11T09:49:28,800.0,102.1,B
2021-06-11T09:49:24,1000.0,102.4,B
2021-06-11T09:49:06,300.0,102.2,B
2021-06-11T09:49:01,100.0,102.2,B
2021-06-11T09:48:29,200.0,102.2,B
2021-06-11T09:48:26,100.0,102.2,B
2021-06-11T09:48:20,500.0,102.4,S
2021-06-11T09:48:10,1000.0,102.5,B
2021-06-11T09:47:59,200.0,102.5,B
2021-06-11T09:47:55,100.0,102.5,B
2021-06-11T09:47:54,100.0,102.4,S
2021-06-11T09:47:27,100.0,102.4,B
2021-06-11T09:46:56,200.0,102.5,B
2021-06-11T09:46:24,200.0,102.5,B
2021-06-11T09:46:22,1000.0,102.5,B
2021-06-11T09:46:12,400.0,102.6,B
2021-06-11T09:45:54,100.0,102.6,B
2021-06-11T09:45:47,100.0,102.6,B
2021-06-11T09:45:23,300.0,102.6,B
2021-06-11T09:45:22,300.0,102.5,S
2021-06-11T09:45:07,100.0,102.5,S
2021-06-11T09:44:54,500.0,102.6,S
2021-06-11T09:44:52,200.0,102.7,B
2021-06-11T09:44:24,900.0,102.7,S
2021-06-11T09:44:14,700.0,102.7,B
2021-06-11T09:43:47,200.0,102.7,B
2021-06-11T09:43:35,100.0,102.7,S
2021-06-11T09:43:34,300.0,102.7,B
2021-06-11T09:43:23,300.0,102.7,B
2021-06-11T09:43:21,200.0,102.7,B
2021-06-11T09:43:19,100.0,102.7,B
2021-06-11T09:43:17,200.0,102.7,B
2021-06-11T09:43:14,300.0,102.7,B
2021-06-11T09:42:50,200.0,102.7,B
2021-06-11T09:42:46,100.0,102.7,B
2021-06-11T09:42:41,100.0,102.7,B
2021-06-11T09:42:39,400.0,102.7,B
2021-06-11T09:42:29,100.0,102.7,B
2021-06-11T09:42:15,200.0,102.7,B
2021-06-11T09:42:05,500.0,102.7,B
2021-06-11T09:41:54,200.0,102.6,B
2021-06-11T09:41:20,3000.0,102.5,B
2021-06-11T09:41:12,100.0,102.2,B
2021-06-11T09:41:05,400.0,102.2,B
2021-06-11T09:40:59,100.0,102.2,B
2021-06-11T09:40:49,500.0,102.0,S
2021-06-11T09:40:40,500.0,102.1,B
2021-06-11T09:40:30,4500.0,102.0,B
2021-06-11T09:40:19,300.0,101.9,S
2021-06-11T09:40:09,200.0,102.0,B
2021-06-11T09:40:06,300.0,102.0,B
2021-06-11T09:39:38,100.0,102.0,B
2021-06-11T09:39:21,100.0,102.0,B
2021-06-11T09:39:07,200.0,102.0,B
2021-06-11T09:38:51,1400.0,102.0,B
2021-06-11T09:38:45,1500.0,102.0,B
2021-06-11T09:38:36,200.0,102.0,B
2021-06-11T09:38:35,200.0,102.0,B
2021-06-11T09:37:53,1000.0,101.9,S
2021-06-11T09:37:47,1000.0,102.0,B
2021-06-11T09:37:39,200.0,102.0,B
2021-06-11T09:37:33,200.0,102.0,B
2021-06-11T09:37:32,600.0,102.0,B
2021-06-11T09:37:03,200.0,101.9,B
2021-06-11T09:36:31,200.0,101.9,B
2021-06-11T09:36:31,1000.0,101.9,B
2021-06-11T09:36:15,100.0,101.9,B
2021-06-11T09:35:41,200.0,101.6,S
2021-06-11T09:35:34,300.0,101.9,B
2021-06-11T09:35:29,500.0,101.6,S
2021-06-11T09:35:27,300.0,101.6,S
2021-06-11T09:35:23,600.0,101.5,B
2021-06-11T09:34:59,200.0,101.5,B
2021-06-11T09:34:40,500.0,101.5,B
2021-06-11T09:33:49,100.0,101.0,S
2021-06-11T09:33:41,300.0,101.0,S
2021-06-11T09:33:36,1000.0,101.0,S
2021-06-11T09:33:31,500.0,101.5,B
2021-06-11T09:33:29,100.0,101.0,S
2021-06-11T09:33:16,4100.0,101.0,B
2021-06-11T09:33:08,200.0,100.9,B
2021-06-11T09:32:52,100.0,101.0,B
2021-06-11T09:32:39,2000.0,101.0,B
2021-06-11T09:32:36,300.0,101.0,B
2021-06-11T09:32:18,100.0,100.9,S
2021-06-11T09:32:13,200.0,100.9,S
2021-06-11T09:32:04,1300.0,100.8,B
2021-06-11T09:31:27,300.0,100.7,S
2021-06-11T09:31:23,100.0,100.7,S
2021-06-11T09:31:19,100.0,100.8,B
2021-06-11T09:31:18,200.0,100.8,B
2021-06-11T09:30:47,200.0,100.8,B
2021-06-11T09:30:28,100.0,100.8,B
2021-06-11T09:30:25,500.0,100.7,S
2021-06-11T09:30:04,100.0,100.6,S
2021-06-11T09:29:05,500.0,100.6,S
2021-06-11T09:28:57,800.0,100.6,B
2021-06-11T09:28:47,200.0,100.6,S
2021-06-11T09:28:20,100.0,100.6,S
2021-06-11T09:27:56,500.0,100.6,S
2021-06-11T09:26:58,200.0,100.6,S
2021-06-11T09:26:07,2300.0,100.6,B
2021-06-11T09:26:04,100.0,100.5,S
2021-06-11T09:25:57,1000.0,100.6,B
2021-06-11T09:25:35,200.0,100.6,B
2021-06-11T09:25:32,500.0,100.6,B
2021-06-11T09:25:04,100.0,100.6,B
2021-06-11T09:25:00,100.0,100.6,B
2021-06-11T09:24:33,200.0,100.6,B
2021-06-11T09:24:01,200.0,100.6,B
2021-06-11T09:23:36,700.0,100.6,S
2021-06-11T09:23:27,200.0,100.6,S
2021-06-11T09:23:20,200.0,100.6,B
2021-06-11T09:23:00,100.0,100.5,S
2021-06-11T09:22:35,300.0,100.5,S
2021-06-11T09:22:34,500.0,100.5,S
2021-06-11T09:22:31,200.0,100.6,B
2021-06-11T09:22:28,200.0,100.6,B
2021-06-11T09:22:17,800.0,100.6,B
2021-06-11T09:21:56,100.0,100.6,B
2021-06-11T09:21:54,200.0,100.6,B
2021-06-11T09:21:54,100.0,100.6,B
2021-06-11T09:21:50,2300.0,100.6,B
2021-06-11T09:21:25,200.0,100.6,B
2021-06-11T09:21:10,500.0,100.6,B
2021-06-11T09:21:07,200.0,100.5,S
2021-06-11T09:20:55,100.0,100.6,B
2021-06-11T09:20:52,300.0,100.5,S
2021-06-11T09:19:51,100.0,100.5,S
2021-06-11T09:19:51,100.0,100.3,S
2021-06-11T09:19:36,400.0,100.5,B
2021-06-11T09:19:20,200.0,100.5,B
2021-06-11T09:19:16,300.0,100.5,S
2021-06-11T09:19:06,700.0,100.5,S
2021-06-11T09:18:56,300.0,100.5,S
2021-06-11T09:18:21,300.0,100.3,S
2021-06-11T09:18:18,100.0,100.5,B
2021-06-11T09:18:10,1900.0,100.5,S
2021-06-11T09:18:06,1100.0,100.5,B
2021-06-11T09:18:04,300.0,100.4,S
2021-06-11T09:17:43,200.0,100.3,S
2021-06-11T09:17:40,400.0,100.3,B
2021-06-11T09:17:39,100.0,100.3,B
2021-06-11T09:17:36,100.0,100.3,B
2021-06-11T09:17:18,400.0,100.3,S
2021-06-11T09:16:47,100.0,100.3,S
2021-06-11T09:16:28,200.0,100.3,S
2021-06-11T09:15:05,800.0,100.0,S
2021-06-11T09:14:47,300.0,100.3,B
2021-06-11T09:14:40,200.0,100.3,B
2021-06-11T09:14:08,200.0,100.3,B
2021-06-11T09:14:07,200.0,100.3,B
2021-06-11T09:13:32,2100.0,100.0,S
2021-06-11T09:13:28,200.0,100.0,B
2021-06-11T09:13:27,500.0,100.0,B
2021-06-11T09:13:10,500.0,100.0,B
2021-06-11T09:13:05,200.0,100.0,B
2021-06-11T09:12:48,100.0,100.0,B
2021-06-11T09:12:42,100.0,100.0,B
2021-06-11T09:12:34,200.0,100.0,B
2021-06-11T09:12:04,100.0,100.0,B
2021-06-11T09:11:57,4000.0,100.0,B
2021-06-11T09:11:43,500.0,100.0,B
2021-06-11T09:11:33,100.0,100.0,B
2021-06-11T09:11:33,200.0,100.0,B
2021-06-11T09:11:30,1000.0,100.0,B
2021-06-11T09:11:12,500.0,100.0,B
2021-06-11T09:11:10,500.0,100.0,B
2021-06-11T09:11:01,200.0,100.0,B
2021-06-11T09:10:31,200.0,100.0,B
2021-06-11T09:10:29,100.0,100.0,B
2021-06-11T09:10:25,1700.0,100.0,B
2021-06-11T09:10:15,3700.0,100.0,B
2021-06-11T09:09:57,200.0,100.0,B
2021-06-11T09:09:28,100.0,100.0,B
2021-06-11T09:09:15,300.0,99.7,S
2021-06-11T09:08:56,100.0,100.0,B
2021-06-11T09:08:38,1200.0,100.0,B
2021-06-11T09:08:25,200.0,99.7,S
2021-06-11T09:08:24,200.0,100.0,B
2021-06-11T09:07:53,200.0,100.0,B
2021-06-11T09:07:22,100.0,100.0,B
2021-06-11T09:07:10,900.0,100.0,B
2021-06-11T09:06:02,300.0,99.7,S
2021-06-11T09:05:51,100.0,99.9,S
2021-06-11T09:05:48,200.0,100.0,B
2021-06-11T09:05:21,100.0,100.0,B
2021-06-11T09:05:17,200.0,100.0,B
2021-06-11T09:04:58,900.0,100.0,B
2021-06-11T09:04:42,100.0,99.7,B
2021-06-11T09:04:39,100.0,99.5,S
2021-06-11T09:04:19,500.0,99.5,B
2021-06-11T09:04:00,600.0,99.3,B
2021-06-11T09:03:48,1000.0,99.0,B
2021-06-11T09:03:41,400.0,99.0,B
2021-06-11T09:03:17,100.0,99.0,B
2021-06-11T09:03:16,1000.0,99.0,B
2021-06-11T09:03:15,200.0,98.8,B
2021-06-11T09:00:24,100.0,100.0,B
2021-06-11T09:00:24,1200.0,99.0,B
2021-06-11T09:00:21,200.0,98.5,B
