tradingTime,volume,price,side
2021-07-19T14:30:00,100.0,32.0,S
2021-07-19T14:29:57,100.0,32.0,B
2021-07-19T14:29:56,900.0,32.0,B
2021-07-19T14:29:55,100.0,32.0,B
2021-07-19T14:29:52,1000.0,32.0,B
2021-07-19T14:29:49,100.0,32.0,B
2021-07-19T14:29:48,1400.0,32.0,S
2021-07-19T14:29:47,1600.0,32.0,S
2021-07-19T14:29:47,700.0,32.0,B
2021-07-19T14:29:44,1000.0,32.0,B
2021-07-19T14:29:43,100.0,31.95,S
2021-07-19T14:29:43,5000.0,32.0,B
2021-07-19T14:29:39,2000.0,31.95,S
2021-07-19T14:29:39,1000.0,32.0,B
2021-07-19T14:29:39,600.0,31.95,S
2021-07-19T14:29:38,100.0,32.0,B
2021-07-19T14:29:38,200.0,32.0,B
2021-07-19T14:29:38,400.0,32.05,B
2021-07-19T14:29:35,1800.0,32.1,B
2021-07-19T14:29:34,2800.0,32.0,B
2021-07-19T14:29:34,4000.0,32.0,S
2021-07-19T14:29:34,500.0,32.0,S
2021-07-19T14:29:34,1000.0,32.0,S
2021-07-19T14:29:34,1000.0,32.0,S
2021-07-19T14:29:34,14900.0,32.0,S
2021-07-19T14:29:33,2300.0,32.05,S
2021-07-19T14:29:30,100.0,32.05,S
2021-07-19T14:29:30,5000.0,32.05,S
2021-07-19T14:29:24,3000.0,32.1,B
2021-07-19T14:29:21,9300.0,32.1,B
2021-07-19T14:29:21,1500.0,32.1,B
2021-07-19T14:29:21,500.0,32.1,B
2021-07-19T14:29:21,8700.0,32.1,B
2021-07-19T14:29:18,15000.0,32.0,S
2021-07-19T14:29:15,800.0,32.0,S
2021-07-19T14:29:14,1000.0,32.05,B
2021-07-19T14:29:09,5000.0,32.0,S
2021-07-19T14:29:08,200.0,32.0,S
2021-07-19T14:29:02,500.0,32.05,B
2021-07-19T14:29:02,1000.0,32.0,S
2021-07-19T14:28:58,200.0,32.05,B
2021-07-19T14:28:58,1000.0,32.0,S
2021-07-19T14:28:58,500.0,32.0,S
2021-07-19T14:28:57,100.0,32.0,S
2021-07-19T14:28:56,500.0,32.0,S
2021-07-19T14:28:50,100.0,32.0,S
2021-07-19T14:28:50,1000.0,32.0,S
2021-07-19T14:28:50,1100.0,32.0,S
2021-07-19T14:28:50,1200.0,32.0,S
2021-07-19T14:28:44,1700.0,32.0,S
2021-07-19T14:28:41,23100.0,32.0,S
2021-07-19T14:28:41,1500.0,32.0,S
2021-07-19T14:28:41,15400.0,32.0,S
2021-07-19T14:28:40,1300.0,32.0,S
2021-07-19T14:28:38,5000.0,32.0,S
2021-07-19T14:28:24,500.0,32.0,S
2021-07-19T14:28:24,1700.0,32.0,S
2021-07-19T14:28:24,1300.0,32.0,S
2021-07-19T14:28:24,1500.0,32.0,S
2021-07-19T14:28:24,300.0,32.0,S
2021-07-19T14:28:24,300.0,32.0,S
2021-07-19T14:28:24,4400.0,32.0,S
2021-07-19T14:28:21,900.0,32.05,S
2021-07-19T14:28:19,100.0,32.05,B
2021-07-19T14:28:15,200.0,32.05,S
2021-07-19T14:28:09,1000.0,32.0,S
2021-07-19T14:28:07,12500.0,32.0,S
2021-07-19T14:28:04,500.0,32.05,S
2021-07-19T14:28:03,400.0,32.05,S
2021-07-19T14:28:02,2000.0,32.05,S
2021-07-19T14:28:02,100.0,32.05,S
2021-07-19T14:27:55,1000.0,32.05,S
2021-07-19T14:27:52,5000.0,32.05,S
2021-07-19T14:27:49,200.0,32.05,S
2021-07-19T14:27:48,500.0,32.05,S
2021-07-19T14:27:47,300.0,32.05,S
2021-07-19T14:27:40,5000.0,32.05,S
2021-07-19T14:27:39,300.0,32.1,B
2021-07-19T14:27:34,500.0,32.05,S
2021-07-19T14:27:31,600.0,32.05,S
2021-07-19T14:27:29,500.0,32.05,S
2021-07-19T14:27:28,3000.0,32.05,S
2021-07-19T14:27:26,500.0,32.05,S
2021-07-19T14:27:22,100.0,32.05,S
2021-07-19T14:27:21,400.0,32.05,S
2021-07-19T14:27:21,10000.0,32.05,S
2021-07-19T14:27:20,500.0,32.05,S
2021-07-19T14:27:20,1000.0,32.05,S
2021-07-19T14:27:18,3800.0,32.05,S
2021-07-19T14:27:18,100.0,32.1,B
2021-07-19T14:27:16,500.0,32.05,S
2021-07-19T14:27:15,100.0,32.05,S
2021-07-19T14:27:11,1000.0,32.1,B
2021-07-19T14:27:11,7300.0,32.05,B
2021-07-19T14:27:11,300.0,32.05,B
2021-07-19T14:27:11,500.0,32.0,S
2021-07-19T14:27:06,200.0,32.0,S
2021-07-19T14:27:03,10000.0,32.0,S
2021-07-19T14:27:03,3200.0,32.0,S
2021-07-19T14:27:03,1800.0,32.0,S
2021-07-19T14:27:01,200.0,32.05,B
2021-07-19T14:27:00,1000.0,32.05,B
2021-07-19T14:27:00,1000.0,32.05,B
2021-07-19T14:26:56,400.0,32.0,S
2021-07-19T14:26:56,3000.0,32.0,S
2021-07-19T14:26:56,11300.0,32.0,S
2021-07-19T14:26:56,6200.0,32.0,S
2021-07-19T14:26:56,2800.0,32.0,S
2021-07-19T14:26:56,7000.0,32.0,S
2021-07-19T14:26:56,100.0,32.0,S
2021-07-19T14:26:56,400.0,32.0,S
2021-07-19T14:26:56,13200.0,32.0,S
2021-07-19T14:26:56,2100.0,32.0,S
2021-07-19T14:26:56,15900.0,32.0,S
2021-07-19T14:26:56,3000.0,32.0,S
2021-07-19T14:26:56,3300.0,32.0,S
2021-07-19T14:26:56,900.0,32.0,S
2021-07-19T14:26:56,700.0,32.0,S
2021-07-19T14:26:56,2500.0,32.0,S
2021-07-19T14:26:56,400.0,32.0,S
2021-07-19T14:26:56,2500.0,32.0,S
2021-07-19T14:26:56,900.0,32.0,S
2021-07-19T14:26:56,200.0,32.0,S
2021-07-19T14:26:56,100.0,32.0,S
2021-07-19T14:26:56,700.0,32.0,S
2021-07-19T14:26:56,2700.0,32.0,S
2021-07-19T14:26:56,1200.0,32.0,S
2021-07-19T14:26:56,1100.0,32.0,S
2021-07-19T14:26:56,13000.0,32.0,S
2021-07-19T14:26:56,2200.0,32.0,S
2021-07-19T14:26:56,700.0,32.0,S
2021-07-19T14:26:56,1600.0,32.0,S
2021-07-19T14:26:56,1000.0,32.0,S
2021-07-19T14:26:56,100.0,32.0,S
2021-07-19T14:26:56,1000.0,32.0,S
2021-07-19T14:26:56,1000.0,32.0,S
2021-07-19T14:26:56,700.0,32.0,S
2021-07-19T14:26:56,3900.0,32.0,S
2021-07-19T14:26:56,1500.0,32.0,S
2021-07-19T14:26:56,900.0,32.0,S
2021-07-19T14:26:56,27600.0,32.0,S
2021-07-19T14:26:56,100.0,32.0,S
2021-07-19T14:26:56,100.0,32.0,S
2021-07-19T14:26:56,300.0,32.0,S
2021-07-19T14:26:56,700.0,32.0,S
2021-07-19T14:26:56,2700.0,32.0,S
2021-07-19T14:26:56,52100.0,32.0,S
2021-07-19T14:26:56,300.0,32.0,S
2021-07-19T14:26:56,1700.0,32.0,S
2021-07-19T14:26:56,600.0,32.0,S
2021-07-19T14:26:56,50100.0,32.0,S
2021-07-19T14:26:56,300.0,32.0,S
2021-07-19T14:26:56,400.0,32.0,S
2021-07-19T14:26:56,700.0,32.0,S
2021-07-19T14:26:56,900.0,32.0,S
2021-07-19T14:26:56,1900.0,32.0,S
2021-07-19T14:26:56,3500.0,32.0,S
2021-07-19T14:26:56,1000.0,32.0,S
2021-07-19T14:26:56,300.0,32.0,S
2021-07-19T14:26:56,5000.0,32.0,S
2021-07-19T14:26:56,1200.0,32.0,S
2021-07-19T14:26:56,3100.0,32.0,S
2021-07-19T14:26:56,700.0,32.0,S
2021-07-19T14:26:56,1200.0,32.0,S
2021-07-19T14:26:56,200.0,32.0,S
2021-07-19T14:26:56,10500.0,32.0,S
2021-07-19T14:26:56,500.0,32.0,S
2021-07-19T14:26:56,27000.0,32.0,S
2021-07-19T14:26:56,45100.0,32.05,S
2021-07-19T14:26:51,500.0,32.05,S
2021-07-19T14:26:50,400.0,32.05,S
2021-07-19T14:26:50,100.0,32.05,S
2021-07-19T14:26:49,100.0,32.05,S
2021-07-19T14:26:45,400.0,32.05,S
2021-07-19T14:26:45,1500.0,32.05,S
2021-07-19T14:26:37,1600.0,32.05,S
2021-07-19T14:26:28,100.0,32.05,S
2021-07-19T14:26:27,700.0,32.1,B
2021-07-19T14:26:26,1200.0,32.05,S
2021-07-19T14:26:24,6000.0,32.05,S
2021-07-19T14:26:24,500.0,32.1,B
2021-07-19T14:26:23,100.0,32.05,S
2021-07-19T14:26:22,1000.0,32.05,S
2021-07-19T14:26:14,500.0,32.05,S
2021-07-19T14:26:10,2500.0,32.05,S
2021-07-19T14:26:09,500.0,32.05,S
2021-07-19T14:26:03,500.0,32.05,S
2021-07-19T14:25:55,5000.0,32.05,S
2021-07-19T14:25:52,100.0,32.1,B
2021-07-19T14:25:47,2000.0,32.05,S
2021-07-19T14:25:41,200.0,32.05,S
2021-07-19T14:25:34,200.0,32.05,S
2021-07-19T14:25:28,1300.0,32.05,S
2021-07-19T14:25:26,4000.0,32.05,S
2021-07-19T14:25:20,10000.0,32.05,S
2021-07-19T14:25:18,100.0,32.05,S
2021-07-19T14:25:11,400.0,32.1,B
2021-07-19T14:25:11,4300.0,32.05,S
2021-07-19T14:25:09,7100.0,32.05,S
2021-07-19T14:25:09,100.0,32.1,B
2021-07-19T14:24:51,19100.0,32.1,S
2021-07-19T14:24:50,1400.0,32.1,S
2021-07-19T14:24:46,200.0,32.15,B
2021-07-19T14:24:45,12500.0,32.1,S
2021-07-19T14:24:45,2500.0,32.1,S
2021-07-19T14:24:45,4800.0,32.15,B
2021-07-19T14:24:44,9000.0,32.1,S
2021-07-19T14:24:43,1000.0,32.15,B
2021-07-19T14:24:42,200.0,32.1,S
2021-07-19T14:24:41,400.0,32.1,S
2021-07-19T14:24:40,8100.0,32.1,S
2021-07-19T14:24:40,3500.0,32.1,S
2021-07-19T14:24:40,600.0,32.1,S
2021-07-19T14:24:40,400.0,32.1,S
2021-07-19T14:24:40,500.0,32.1,S
2021-07-19T14:24:40,1700.0,32.1,S
2021-07-19T14:24:40,500.0,32.1,S
2021-07-19T14:24:40,8600.0,32.1,S
2021-07-19T14:24:40,400.0,32.1,S
2021-07-19T14:24:36,400.0,32.1,S
2021-07-19T14:24:36,700.0,32.1,S
2021-07-19T14:24:36,3000.0,32.1,S
2021-07-19T14:24:33,8000.0,32.1,S
2021-07-19T14:24:27,500.0,32.1,S
2021-07-19T14:24:25,2000.0,32.1,S
2021-07-19T14:24:23,400.0,32.1,S
2021-07-19T14:24:20,200.0,32.1,S
2021-07-19T14:24:12,7000.0,32.1,S
2021-07-19T14:23:59,3400.0,32.15,S
2021-07-19T14:23:58,11800.0,32.15,S
2021-07-19T14:23:58,8200.0,32.15,S
2021-07-19T14:23:55,300.0,32.15,S
2021-07-19T14:23:48,100.0,32.2,B
2021-07-19T14:23:29,5700.0,32.2,B
2021-07-19T14:23:22,100.0,32.15,S
2021-07-19T14:23:17,1500.0,32.15,S
2021-07-19T14:23:17,1900.0,32.15,S
2021-07-19T14:23:14,1000.0,32.15,S
2021-07-19T14:23:11,5000.0,32.15,S
2021-07-19T14:23:09,600.0,32.15,S
2021-07-19T14:23:08,1000.0,32.15,S
2021-07-19T14:23:05,2000.0,32.15,S
2021-07-19T14:23:02,100.0,32.15,S
2021-07-19T14:22:54,100.0,32.2,B
2021-07-19T14:22:53,2900.0,32.15,S
2021-07-19T14:22:51,500.0,32.2,B
2021-07-19T14:22:47,1000.0,32.15,S
2021-07-19T14:22:47,100.0,32.15,S
2021-07-19T14:22:40,3000.0,32.15,S
2021-07-19T14:22:36,76000.0,32.15,S
2021-07-19T14:22:28,5000.0,32.2,B
2021-07-19T14:22:23,1000.0,32.2,B
2021-07-19T14:22:05,2200.0,32.2,S
2021-07-19T14:22:05,200.0,32.2,S
2021-07-19T14:22:05,20000.0,32.2,S
2021-07-19T14:21:59,5000.0,32.2,S
2021-07-19T14:21:53,500.0,32.2,S
2021-07-19T14:21:45,100.0,32.25,B
2021-07-19T14:21:45,1300.0,32.2,S
2021-07-19T14:21:44,1000.0,32.2,S
2021-07-19T14:21:38,18000.0,32.2,S
2021-07-19T14:21:38,200.0,32.2,S
2021-07-19T14:21:29,1000.0,32.2,S
2021-07-19T14:21:19,10000.0,32.2,S
2021-07-19T14:21:19,500.0,32.2,S
2021-07-19T14:21:19,900.0,32.2,S
2021-07-19T14:21:14,200.0,32.2,S
2021-07-19T14:21:13,200.0,32.2,S
2021-07-19T14:21:10,500.0,32.2,S
2021-07-19T14:21:04,5000.0,32.2,S
2021-07-19T14:21:03,200.0,32.2,S
2021-07-19T14:21:00,500.0,32.2,S
2021-07-19T14:20:50,1000.0,32.2,S
2021-07-19T14:20:46,600.0,32.2,S
2021-07-19T14:20:46,1600.0,32.2,S
2021-07-19T14:20:42,7200.0,32.2,S
2021-07-19T14:20:42,200.0,32.2,S
2021-07-19T14:20:42,600.0,32.2,S
2021-07-19T14:20:38,5000.0,32.2,S
2021-07-19T14:20:36,100.0,32.2,S
2021-07-19T14:20:32,200.0,32.2,S
2021-07-19T14:20:28,2000.0,32.2,S
2021-07-19T14:20:26,10000.0,32.2,S
2021-07-19T14:20:25,200.0,32.2,S
2021-07-19T14:20:25,10000.0,32.2,S
2021-07-19T14:20:22,600.0,32.2,S
2021-07-19T14:20:13,300.0,32.2,S
2021-07-19T14:20:10,1800.0,32.2,S
2021-07-19T14:20:10,2200.0,32.2,S
2021-07-19T14:19:58,4500.0,32.2,S
2021-07-19T14:19:58,2400.0,32.2,S
2021-07-19T14:19:52,6900.0,32.25,S
2021-07-19T14:19:44,3500.0,32.25,S
2021-07-19T14:19:40,2500.0,32.25,S
2021-07-19T14:19:39,100.0,32.25,S
2021-07-19T14:19:30,1500.0,32.25,S
2021-07-19T14:19:26,2000.0,32.25,S
2021-07-19T14:19:22,5700.0,32.25,S
2021-07-19T14:19:17,100.0,32.25,S
2021-07-19T14:19:17,500.0,32.3,B
2021-07-19T14:18:49,500.0,32.25,S
2021-07-19T14:18:45,2000.0,32.25,B
2021-07-19T14:18:45,5900.0,32.25,B
2021-07-19T14:18:45,5000.0,32.2,S
2021-07-19T14:18:44,100.0,32.2,S
2021-07-19T14:18:44,1300.0,32.2,S
2021-07-19T14:18:43,1000.0,32.25,B
2021-07-19T14:18:43,10000.0,32.2,S
2021-07-19T14:18:39,700.0,32.2,S
2021-07-19T14:18:38,500.0,32.2,S
2021-07-19T14:18:34,2000.0,32.2,S
2021-07-19T14:18:34,100.0,32.2,S
2021-07-19T14:18:34,100.0,32.2,S
2021-07-19T14:18:34,500.0,32.2,S
2021-07-19T14:18:32,3000.0,32.2,S
2021-07-19T14:18:27,600.0,32.2,S
2021-07-19T14:18:21,1000.0,32.2,S
2021-07-19T14:18:18,1000.0,32.2,S
2021-07-19T14:18:14,200.0,32.2,S
2021-07-19T14:18:08,100.0,32.2,S
2021-07-19T14:17:57,900.0,32.2,S
2021-07-19T14:17:57,800.0,32.2,S
2021-07-19T14:17:48,500.0,32.2,S
2021-07-19T14:17:41,2000.0,32.2,S
2021-07-19T14:17:40,1000.0,32.2,S
2021-07-19T14:17:40,100.0,32.2,S
2021-07-19T14:17:37,8000.0,32.2,S
2021-07-19T14:17:29,200.0,32.25,B
2021-07-19T14:17:27,10000.0,32.2,S
2021-07-19T14:17:26,200.0,32.25,B
2021-07-19T14:17:21,300.0,32.25,S
2021-07-19T14:17:20,2000.0,32.25,S
2021-07-19T14:17:15,1000.0,32.25,S
2021-07-19T14:17:15,3000.0,32.25,S
2021-07-19T14:17:14,3900.0,32.25,S
2021-07-19T14:17:09,100.0,32.25,S
2021-07-19T14:17:06,3000.0,32.25,S
2021-07-19T14:16:41,400.0,32.25,S
2021-07-19T14:16:34,100.0,32.3,B
2021-07-19T14:16:30,1000.0,32.25,S
2021-07-19T14:16:28,200.0,32.3,B
2021-07-19T14:16:23,200.0,32.25,S
2021-07-19T14:16:23,400.0,32.3,B
2021-07-19T14:16:19,1000.0,32.3,B
2021-07-19T14:16:14,1000.0,32.25,S
2021-07-19T14:15:53,4800.0,32.3,S
2021-07-19T14:15:49,200.0,32.3,S
2021-07-19T14:15:42,300.0,32.25,S
2021-07-19T14:15:24,2500.0,32.25,S
2021-07-19T14:15:23,17500.0,32.3,S
2021-07-19T14:15:22,100.0,32.3,S
2021-07-19T14:15:14,10000.0,32.3,S
2021-07-19T14:15:13,500.0,32.3,S
2021-07-19T14:15:10,300.0,32.3,S
2021-07-19T14:15:06,200.0,32.3,S
2021-07-19T14:15:01,100.0,32.3,S
2021-07-19T14:14:53,500.0,32.3,S
2021-07-19T14:14:50,300.0,32.35,B
2021-07-19T14:14:32,100.0,32.3,S
2021-07-19T14:14:17,1000.0,32.3,S
2021-07-19T14:14:17,200.0,32.3,S
2021-07-19T14:14:16,200.0,32.3,S
2021-07-19T14:14:10,200.0,32.3,S
2021-07-19T14:14:06,200.0,32.3,S
2021-07-19T14:14:02,200.0,32.3,S
2021-07-19T14:13:48,3200.0,32.3,B
2021-07-19T14:13:48,100.0,32.3,B
2021-07-19T14:13:48,3000.0,32.3,B
2021-07-19T14:13:45,500.0,32.25,S
2021-07-19T14:13:44,3200.0,32.25,S
2021-07-19T14:13:44,2000.0,32.25,S
2021-07-19T14:13:43,1000.0,32.25,B
2021-07-19T14:13:29,200.0,32.25,B
2021-07-19T14:13:27,100.0,32.25,B
2021-07-19T14:13:25,200.0,32.25,B
2021-07-19T14:13:20,600.0,32.25,S
2021-07-19T14:13:17,500.0,32.25,S
2021-07-19T14:13:17,3500.0,32.25,S
2021-07-19T14:13:16,600.0,32.25,S
2021-07-19T14:13:05,2000.0,32.25,S
2021-07-19T14:13:05,7700.0,32.25,S
2021-07-19T14:13:03,300.0,32.25,S
2021-07-19T14:13:01,100.0,32.25,S
2021-07-19T14:12:59,3000.0,32.25,S
2021-07-19T14:12:56,10000.0,32.25,S
2021-07-19T14:12:55,700.0,32.25,S
2021-07-19T14:12:52,1500.0,32.25,S
2021-07-19T14:12:47,200.0,32.25,S
2021-07-19T14:12:36,1100.0,32.25,S
2021-07-19T14:12:34,5000.0,32.25,S
2021-07-19T14:12:20,500.0,32.25,S
2021-07-19T14:12:10,100.0,32.25,S
2021-07-19T14:11:50,800.0,32.3,S
2021-07-19T14:11:50,600.0,32.3,S
2021-07-19T14:11:50,8400.0,32.3,S
2021-07-19T14:11:50,3900.0,32.3,S
2021-07-19T14:11:50,5300.0,32.3,S
2021-07-19T14:11:47,100.0,32.35,B
2021-07-19T14:11:41,4100.0,32.3,S
2021-07-19T14:11:33,100.0,32.3,S
2021-07-19T14:11:32,11300.0,32.3,S
2021-07-19T14:11:29,200.0,32.3,S
2021-07-19T14:11:03,200.0,32.3,S
2021-07-19T14:11:02,1000.0,32.35,B
2021-07-19T14:10:51,100.0,32.3,S
2021-07-19T14:10:51,500.0,32.3,S
2021-07-19T14:10:51,2300.0,32.3,S
2021-07-19T14:10:51,1100.0,32.3,S
2021-07-19T14:10:51,51100.0,32.35,S
2021-07-19T14:10:51,5100.0,32.35,S
2021-07-19T14:10:51,200.0,32.35,S
2021-07-19T14:10:51,1200.0,32.35,S
2021-07-19T14:10:49,10000.0,32.35,S
2021-07-19T14:10:35,500.0,32.35,S
2021-07-19T14:10:35,300.0,32.35,S
2021-07-19T14:10:35,500.0,32.35,S
2021-07-19T14:10:34,1600.0,32.35,S
2021-07-19T14:10:34,2800.0,32.35,S
2021-07-19T14:10:33,100.0,32.35,S
2021-07-19T14:10:26,100.0,32.35,S
2021-07-19T14:10:16,200.0,32.35,S
2021-07-19T14:10:13,500.0,32.35,S
2021-07-19T14:10:12,100.0,32.35,S
2021-07-19T14:10:07,4400.0,32.4,B
2021-07-19T14:10:07,1000.0,32.35,S
2021-07-19T14:10:03,2000.0,32.35,S
2021-07-19T14:10:01,900.0,32.35,S
2021-07-19T14:10:01,600.0,32.35,S
2021-07-19T14:09:54,500.0,32.35,S
2021-07-19T14:09:52,500.0,32.35,S
2021-07-19T14:09:44,1600.0,32.35,S
2021-07-19T14:09:40,500.0,32.35,S
2021-07-19T14:09:26,200.0,32.35,S
2021-07-19T14:09:19,600.0,32.4,B
2021-07-19T14:09:16,400.0,32.4,S
2021-07-19T14:09:16,8500.0,32.4,S
2021-07-19T14:09:16,18100.0,32.4,S
2021-07-19T14:09:15,400.0,32.45,B
2021-07-19T14:09:15,1500.0,32.45,B
2021-07-19T14:09:15,21000.0,32.45,B
2021-07-19T14:09:13,400.0,32.4,S
2021-07-19T14:09:01,800.0,32.4,S
2021-07-19T14:08:53,4000.0,32.4,S
2021-07-19T14:08:53,500.0,32.4,S
2021-07-19T14:08:50,300.0,32.4,S
2021-07-19T14:08:43,200.0,32.4,S
2021-07-19T14:08:02,100.0,32.4,S
2021-07-19T14:07:52,300.0,32.4,S
2021-07-19T14:07:51,2000.0,32.4,S
2021-07-19T14:07:46,1500.0,32.4,S
2021-07-19T14:07:38,100.0,32.4,S
2021-07-19T14:07:38,100.0,32.4,S
2021-07-19T14:07:33,500.0,32.4,S
2021-07-19T14:07:32,700.0,32.4,S
2021-07-19T14:07:14,2700.0,32.4,S
2021-07-19T14:07:13,10000.0,32.4,S
2021-07-19T14:07:08,1900.0,32.4,B
2021-07-19T14:07:08,2300.0,32.4,B
2021-07-19T14:07:08,1800.0,32.4,B
2021-07-19T14:06:57,1000.0,32.4,B
2021-07-19T14:06:44,500.0,32.4,B
2021-07-19T14:06:42,1000.0,32.4,B
2021-07-19T14:06:42,3700.0,32.4,B
2021-07-19T14:06:41,200.0,32.35,S
2021-07-19T14:06:41,100.0,32.35,S
2021-07-19T14:06:41,100.0,32.35,S
2021-07-19T14:06:41,600.0,32.35,S
2021-07-19T14:06:27,200.0,32.4,B
2021-07-19T14:06:24,100.0,32.4,B
2021-07-19T14:06:20,5000.0,32.4,B
2021-07-19T14:06:12,500.0,32.4,B
2021-07-19T14:06:02,100.0,32.4,B
2021-07-19T14:05:58,100.0,32.4,B
2021-07-19T14:05:55,200.0,32.4,B
2021-07-19T14:05:55,100.0,32.4,B
2021-07-19T14:05:48,500.0,32.4,B
2021-07-19T14:05:29,100.0,32.35,S
2021-07-19T14:05:29,400.0,32.35,S
2021-07-19T14:05:29,3900.0,32.35,S
2021-07-19T14:05:23,3000.0,32.35,S
2021-07-19T14:05:12,500.0,32.35,S
2021-07-19T14:05:04,500.0,32.35,S
2021-07-19T14:05:02,500.0,32.35,S
2021-07-19T14:04:51,1000.0,32.35,S
2021-07-19T14:04:39,5000.0,32.4,B
2021-07-19T14:04:27,500.0,32.35,S
2021-07-19T14:04:05,100.0,32.35,S
2021-07-19T14:03:52,1000.0,32.4,B
2021-07-19T14:03:47,700.0,32.35,S
2021-07-19T14:03:44,10000.0,32.35,S
2021-07-19T14:03:30,2000.0,32.35,S
2021-07-19T14:03:30,5000.0,32.4,B
2021-07-19T14:03:19,500.0,32.4,B
2021-07-19T14:03:19,6500.0,32.4,B
2021-07-19T14:03:13,500.0,32.4,B
2021-07-19T14:03:12,2000.0,32.4,B
2021-07-19T14:03:04,1000.0,32.4,B
2021-07-19T14:03:01,100.0,32.4,B
2021-07-19T14:02:56,4000.0,32.35,S
2021-07-19T14:02:50,200.0,32.4,B
2021-07-19T14:02:37,100.0,32.4,B
2021-07-19T14:02:33,100.0,32.35,S
2021-07-19T14:02:26,5000.0,32.4,B
2021-07-19T14:02:13,500.0,32.35,S
2021-07-19T14:01:55,1300.0,32.35,S
2021-07-19T14:01:55,400.0,32.35,S
2021-07-19T14:01:51,1900.0,32.35,S
2021-07-19T14:01:39,2000.0,32.35,S
2021-07-19T14:01:32,4000.0,32.35,S
2021-07-19T14:01:25,1800.0,32.35,S
2021-07-19T14:01:19,700.0,32.4,B
2021-07-19T14:01:12,16100.0,32.4,S
2021-07-19T14:01:09,5000.0,32.4,S
2021-07-19T14:01:07,3600.0,32.4,S
2021-07-19T14:01:01,1000.0,32.4,S
2021-07-19T14:00:57,100.0,32.4,S
2021-07-19T14:00:55,1000.0,32.4,S
2021-07-19T14:00:55,2600.0,32.4,S
2021-07-19T14:00:53,1100.0,32.4,S
2021-07-19T14:00:50,1000.0,32.4,S
2021-07-19T14:00:41,1000.0,32.4,S
2021-07-19T14:00:33,1000.0,32.4,S
2021-07-19T14:00:00,500.0,32.4,S
2021-07-19T13:59:47,100.0,32.4,S
2021-07-19T13:59:42,200.0,32.4,S
2021-07-19T13:59:25,4000.0,32.4,S
2021-07-19T13:59:25,3000.0,32.4,S
2021-07-19T13:59:24,300.0,32.45,S
2021-07-19T13:59:21,100.0,32.45,S
2021-07-19T13:59:14,300.0,32.45,S
2021-07-19T13:59:11,500.0,32.45,S
2021-07-19T13:59:10,2000.0,32.45,S
2021-07-19T13:59:08,1200.0,32.45,S
2021-07-19T13:59:02,3000.0,32.45,S
2021-07-19T13:58:56,200.0,32.4,S
2021-07-19T13:58:56,100.0,32.5,B
2021-07-19T13:58:52,100.0,32.4,S
2021-07-19T13:58:50,3800.0,32.4,S
2021-07-19T13:58:50,1200.0,32.45,S
2021-07-19T13:58:35,300.0,32.5,B
2021-07-19T13:58:27,500.0,32.5,B
2021-07-19T13:58:27,100.0,32.5,S
2021-07-19T13:58:27,100.0,32.5,S
2021-07-19T13:58:27,17600.0,32.5,S
2021-07-19T13:58:20,1000.0,32.5,S
2021-07-19T13:58:12,300.0,32.5,S
2021-07-19T13:58:02,600.0,32.5,S
2021-07-19T13:57:41,5000.0,32.5,S
2021-07-19T13:57:41,3000.0,32.5,S
2021-07-19T13:57:22,1000.0,32.6,B
2021-07-19T13:57:20,1000.0,32.6,B
2021-07-19T13:57:15,1300.0,32.6,B
2021-07-19T13:57:01,200.0,32.6,S
2021-07-19T13:56:43,200.0,32.6,S
2021-07-19T13:56:33,4000.0,32.6,S
2021-07-19T13:56:33,500.0,32.6,S
2021-07-19T13:56:31,1000.0,32.65,B
2021-07-19T13:56:29,200.0,32.6,S
2021-07-19T13:56:19,1000.0,32.6,S
2021-07-19T13:56:19,500.0,32.6,S
2021-07-19T13:56:01,100.0,32.6,S
2021-07-19T13:55:52,3000.0,32.6,S
2021-07-19T13:55:52,200.0,32.6,S
2021-07-19T13:55:50,200.0,32.6,S
2021-07-19T13:55:48,1500.0,32.6,S
2021-07-19T13:55:37,100.0,32.6,S
2021-07-19T13:55:29,400.0,32.6,S
2021-07-19T13:55:16,1000.0,32.6,S
2021-07-19T13:55:14,7800.0,32.6,B
2021-07-19T13:54:59,4400.0,32.5,S
2021-07-19T13:54:59,5600.0,32.5,S
2021-07-19T13:54:56,500.0,32.6,B
2021-07-19T13:54:52,500.0,32.6,B
2021-07-19T13:54:24,1000.0,32.6,B
2021-07-19T13:54:23,200.0,32.5,S
2021-07-19T13:54:12,1000.0,32.5,S
2021-07-19T13:54:08,100.0,32.5,S
2021-07-19T13:53:59,500.0,32.5,S
2021-07-19T13:53:58,200.0,32.5,S
2021-07-19T13:53:52,3000.0,32.5,B
2021-07-19T13:53:48,1000.0,32.5,B
2021-07-19T13:53:47,1300.0,32.5,B
2021-07-19T13:53:47,100.0,32.5,B
2021-07-19T13:53:47,8600.0,32.5,B
2021-07-19T13:53:47,100.0,32.5,B
2021-07-19T13:53:45,500.0,32.5,B
2021-07-19T13:53:38,300.0,32.5,B
2021-07-19T13:53:38,4700.0,32.5,B
2021-07-19T13:53:37,100.0,32.5,B
2021-07-19T13:53:32,100.0,32.5,B
2021-07-19T13:53:27,500.0,32.5,B
2021-07-19T13:53:23,1000.0,32.5,B
2021-07-19T13:53:20,1000.0,32.5,B
2021-07-19T13:53:19,500.0,32.5,B
2021-07-19T13:53:18,2000.0,32.5,B
2021-07-19T13:53:17,100.0,32.5,B
2021-07-19T13:53:17,900.0,32.5,B
2021-07-19T13:53:09,500.0,32.45,S
2021-07-19T13:53:08,12400.0,32.5,B
2021-07-19T13:53:04,100.0,32.45,B
2021-07-19T13:53:04,300.0,32.45,B
2021-07-19T13:53:04,700.0,32.45,B
2021-07-19T13:53:04,2300.0,32.45,B
2021-07-19T13:52:56,100.0,32.45,B
2021-07-19T13:52:47,1000.0,32.4,S
2021-07-19T13:52:45,100.0,32.45,B
2021-07-19T13:52:41,200.0,32.45,B
2021-07-19T13:52:36,500.0,32.45,B
2021-07-19T13:52:36,1200.0,32.45,B
2021-07-19T13:52:05,2500.0,32.4,B
2021-07-19T13:52:05,7000.0,32.4,B
2021-07-19T13:52:05,100.0,32.4,B
2021-07-19T13:52:05,8000.0,32.4,B
2021-07-19T13:52:05,3200.0,32.4,B
2021-07-19T13:52:05,4800.0,32.4,B
2021-07-19T13:52:05,13700.0,32.4,B
2021-07-19T13:52:05,123900.0,32.4,B
2021-07-19T13:52:04,300.0,32.4,B
2021-07-19T13:51:59,1000.0,32.35,S
2021-07-19T13:51:48,200.0,32.35,S
2021-07-19T13:51:42,200.0,32.35,S
2021-07-19T13:51:33,600.0,32.35,S
2021-07-19T13:51:28,500.0,32.4,B
2021-07-19T13:51:12,500.0,32.35,S
2021-07-19T13:51:11,500.0,32.35,S
2021-07-19T13:51:00,200.0,32.35,S
2021-07-19T13:50:50,100.0,32.35,S
2021-07-19T13:50:42,400.0,32.35,S
2021-07-19T13:50:42,1500.0,32.35,S
2021-07-19T13:50:38,500.0,32.35,S
2021-07-19T13:50:28,800.0,32.35,S
2021-07-19T13:50:22,400.0,32.35,B
2021-07-19T13:50:18,100.0,32.35,S
2021-07-19T13:50:13,100.0,32.35,S
2021-07-19T13:50:12,400.0,32.35,S
2021-07-19T13:50:09,4000.0,32.35,S
2021-07-19T13:50:01,1400.0,32.35,S
2021-07-19T13:49:56,100.0,32.35,S
2021-07-19T13:49:44,500.0,32.4,B
2021-07-19T13:49:34,100.0,32.35,B
2021-07-19T13:49:33,300.0,32.3,S
2021-07-19T13:49:33,200.0,32.35,S
2021-07-19T13:49:31,1800.0,32.4,B
2021-07-19T13:49:30,1000.0,32.4,B
2021-07-19T13:49:21,2000.0,32.4,B
2021-07-19T13:49:17,100.0,32.35,B
2021-07-19T13:49:17,3500.0,32.3,S
2021-07-19T13:49:14,100.0,32.35,B
2021-07-19T13:49:11,300.0,32.35,S
2021-07-19T13:49:09,100.0,32.35,S
2021-07-19T13:49:09,900.0,32.35,S
2021-07-19T13:49:08,400.0,32.35,S
2021-07-19T13:49:04,100.0,32.35,S
2021-07-19T13:49:01,2500.0,32.35,S
2021-07-19T13:48:54,100.0,32.35,S
2021-07-19T13:48:53,100.0,32.35,S
2021-07-19T13:48:43,500.0,32.35,S
2021-07-19T13:48:43,100.0,32.35,S
2021-07-19T13:48:41,10000.0,32.35,S
2021-07-19T13:48:28,100.0,32.35,S
2021-07-19T13:48:15,500.0,32.35,S
2021-07-19T13:48:14,7700.0,32.4,B
2021-07-19T13:48:08,3000.0,32.35,B
2021-07-19T13:48:05,900.0,32.35,B
2021-07-19T13:48:03,1000.0,32.35,B
2021-07-19T13:48:03,5000.0,32.35,B
2021-07-19T13:48:02,2000.0,32.35,B
2021-07-19T13:47:59,800.0,32.35,B
2021-07-19T13:47:58,600.0,32.3,S
2021-07-19T13:47:57,100.0,32.35,B
2021-07-19T13:47:53,100.0,32.35,B
2021-07-19T13:47:46,5000.0,32.35,B
2021-07-19T13:47:40,100.0,32.3,S
2021-07-19T13:47:38,100.0,32.3,S
2021-07-19T13:47:34,600.0,32.3,S
2021-07-19T13:47:32,3000.0,32.3,S
2021-07-19T13:47:31,200.0,32.3,S
2021-07-19T13:47:22,3200.0,32.3,S
2021-07-19T13:47:22,100.0,32.3,S
2021-07-19T13:47:18,2700.0,32.3,S
2021-07-19T13:47:18,3200.0,32.3,B
2021-07-19T13:47:18,6000.0,32.3,B
2021-07-19T13:47:18,5900.0,32.3,B
2021-07-19T13:47:18,200.0,32.3,B
2021-07-19T13:47:18,9900.0,32.3,B
2021-07-19T13:47:13,200.0,32.25,S
2021-07-19T13:47:04,100.0,32.25,S
2021-07-19T13:47:00,3100.0,32.25,B
2021-07-19T13:47:00,100.0,32.25,B
2021-07-19T13:47:00,5100.0,32.25,B
2021-07-19T13:47:00,100.0,32.25,B
2021-07-19T13:46:56,300.0,32.25,B
2021-07-19T13:46:49,1000.0,32.25,B
2021-07-19T13:46:48,2000.0,32.25,B
2021-07-19T13:46:44,10000.0,32.25,B
2021-07-19T13:46:43,100.0,32.2,S
2021-07-19T13:46:42,200.0,32.2,S
2021-07-19T13:46:33,5000.0,32.2,S
2021-07-19T13:46:30,200.0,32.25,B
2021-07-19T13:46:29,400.0,32.25,B
2021-07-19T13:46:25,3500.0,32.15,S
2021-07-19T13:46:25,8400.0,32.2,B
2021-07-19T13:46:23,6000.0,32.2,B
2021-07-19T13:46:22,500.0,32.2,B
2021-07-19T13:46:16,5000.0,32.2,B
2021-07-19T13:46:16,1600.0,32.2,B
2021-07-19T13:46:14,1300.0,32.2,B
2021-07-19T13:46:14,700.0,32.2,B
2021-07-19T13:46:14,6300.0,32.2,B
2021-07-19T13:46:14,1700.0,32.2,B
2021-07-19T13:46:14,1300.0,32.2,B
2021-07-19T13:46:12,12100.0,32.2,B
2021-07-19T13:46:11,200.0,32.2,B
2021-07-19T13:46:08,200.0,32.2,B
2021-07-19T13:46:02,900.0,32.2,B
2021-07-19T13:46:00,5000.0,32.2,B
2021-07-19T13:46:00,100.0,32.15,S
2021-07-19T13:45:59,100.0,32.2,B
2021-07-19T13:45:58,2600.0,32.15,S
2021-07-19T13:45:57,10000.0,32.15,S
2021-07-19T13:45:56,1000.0,32.2,B
2021-07-19T13:45:55,500.0,32.15,S
2021-07-19T13:45:50,4000.0,32.2,B
2021-07-19T13:45:48,500.0,32.15,S
2021-07-19T13:45:42,100.0,32.2,B
2021-07-19T13:45:39,600.0,32.15,S
2021-07-19T13:45:39,400.0,32.15,S
2021-07-19T13:45:37,200.0,32.15,S
2021-07-19T13:45:31,1000.0,32.15,S
2021-07-19T13:45:21,500.0,32.15,S
2021-07-19T13:45:15,100.0,32.2,B
2021-07-19T13:45:14,2000.0,32.15,S
2021-07-19T13:45:05,200.0,32.15,S
2021-07-19T13:45:03,1000.0,32.15,S
2021-07-19T13:45:01,2800.0,32.15,B
2021-07-19T13:45:01,14100.0,32.15,B
2021-07-19T13:45:01,14400.0,32.15,B
2021-07-19T13:45:01,1000.0,32.1,S
2021-07-19T13:45:00,4000.0,32.1,S
2021-07-19T13:45:00,1000.0,32.1,S
2021-07-19T13:44:52,1000.0,32.1,B
2021-07-19T13:44:52,1000.0,32.05,S
2021-07-19T13:44:49,200.0,32.05,S
2021-07-19T13:44:47,500.0,32.05,S
2021-07-19T13:44:44,500.0,32.05,S
2021-07-19T13:44:43,2000.0,32.05,S
2021-07-19T13:44:36,100.0,32.05,S
2021-07-19T13:44:36,1500.0,32.05,S
2021-07-19T13:44:26,1000.0,32.05,S
2021-07-19T13:44:25,100.0,32.05,S
2021-07-19T13:44:19,1100.0,32.0,S
2021-07-19T13:44:14,25100.0,32.0,S
2021-07-19T13:44:14,300.0,32.0,S
2021-07-19T13:44:14,1500.0,32.0,S
2021-07-19T13:44:14,100.0,32.0,S
2021-07-19T13:44:14,1000.0,32.0,S
2021-07-19T13:44:14,200.0,32.0,S
2021-07-19T13:44:14,600.0,32.0,S
2021-07-19T13:44:14,500.0,32.0,S
2021-07-19T13:44:14,3100.0,32.0,S
2021-07-19T13:44:14,2500.0,32.0,S
2021-07-19T13:44:14,300.0,32.0,S
2021-07-19T13:44:14,53500.0,32.0,S
2021-07-19T13:44:14,1400.0,32.0,S
2021-07-19T13:44:14,2700.0,32.0,S
2021-07-19T13:44:14,100.0,32.0,S
2021-07-19T13:44:14,5000.0,32.0,S
2021-07-19T13:44:14,3200.0,32.0,S
2021-07-19T13:44:14,3500.0,32.0,S
2021-07-19T13:44:14,1400.0,32.0,S
2021-07-19T13:44:14,100.0,32.0,S
2021-07-19T13:44:14,200.0,32.0,S
2021-07-19T13:44:14,700.0,32.0,S
2021-07-19T13:44:14,500.0,32.0,S
2021-07-19T13:44:14,1800.0,32.05,S
2021-07-19T13:44:14,200.0,32.05,S
2021-07-19T13:44:14,2000.0,32.05,S
2021-07-19T13:44:14,1000.0,32.05,S
2021-07-19T13:44:14,1000.0,32.05,S
2021-07-19T13:44:14,150100.0,32.05,S
2021-07-19T13:44:14,7400.0,32.05,S
2021-07-19T13:44:14,200.0,32.1,S
2021-07-19T13:44:14,1400.0,32.1,S
2021-07-19T13:44:14,22000.0,32.1,S
2021-07-19T13:44:14,10000.0,32.1,S
2021-07-19T13:44:14,7400.0,32.1,S
2021-07-19T13:44:12,500.0,32.1,S
2021-07-19T13:44:11,1000.0,32.1,S
2021-07-19T13:44:11,300.0,32.1,S
2021-07-19T13:44:02,15000.0,32.1,S
2021-07-19T13:44:00,1000.0,32.1,S
2021-07-19T13:43:59,1000.0,32.1,S
2021-07-19T13:43:57,6000.0,32.1,S
2021-07-19T13:43:52,800.0,32.1,S
2021-07-19T13:43:51,500.0,32.1,S
2021-07-19T13:43:50,200.0,32.1,S
2021-07-19T13:43:49,2200.0,32.1,S
2021-07-19T13:43:45,1000.0,32.1,S
2021-07-19T13:43:42,1000.0,32.1,S
2021-07-19T13:43:38,100.0,32.1,S
2021-07-19T13:43:38,300.0,32.1,S
2021-07-19T13:43:33,200.0,32.1,S
2021-07-19T13:43:33,1000.0,32.15,B
2021-07-19T13:43:31,600.0,32.1,S
2021-07-19T13:43:30,5000.0,32.1,S
2021-07-19T13:43:23,500.0,32.1,S
2021-07-19T13:43:23,1000.0,32.1,B
2021-07-19T13:43:23,7100.0,32.1,B
2021-07-19T13:43:08,2000.0,32.05,S
2021-07-19T13:43:05,200.0,32.1,S
2021-07-19T13:43:05,3000.0,32.1,S
2021-07-19T13:43:05,5400.0,32.1,S
2021-07-19T13:43:05,31800.0,32.1,S
2021-07-19T13:43:05,900.0,32.1,S
2021-07-19T13:43:05,100.0,32.1,S
2021-07-19T13:43:05,1500.0,32.1,S
2021-07-19T13:43:05,3300.0,32.1,S
2021-07-19T13:43:02,500.0,32.1,S
2021-07-19T13:43:02,1500.0,32.1,S
2021-07-19T13:43:00,1000.0,32.1,S
2021-07-19T13:43:00,1000.0,32.15,B
2021-07-19T13:42:57,1600.0,32.1,S
2021-07-19T13:42:55,4000.0,32.1,S
2021-07-19T13:42:55,5900.0,32.1,S
2021-07-19T13:42:51,3800.0,32.1,S
2021-07-19T13:42:51,10000.0,32.1,S
2021-07-19T13:42:51,1000.0,32.1,S
2021-07-19T13:42:48,500.0,32.1,S
2021-07-19T13:42:47,600.0,32.1,S
2021-07-19T13:42:47,400.0,32.1,S
2021-07-19T13:42:46,1000.0,32.1,S
2021-07-19T13:42:45,1000.0,32.1,S
2021-07-19T13:42:44,400.0,32.15,S
2021-07-19T13:42:43,2000.0,32.15,S
2021-07-19T13:42:42,17600.0,32.15,B
2021-07-19T13:42:39,200.0,32.1,S
2021-07-19T13:42:35,500.0,32.15,B
2021-07-19T13:42:33,1000.0,32.15,B
2021-07-19T13:42:30,300.0,32.15,S
2021-07-19T13:42:30,20600.0,32.15,S
2021-07-19T13:42:30,300.0,32.15,S
2021-07-19T13:42:29,4500.0,32.15,S
2021-07-19T13:42:28,5000.0,32.15,S
2021-07-19T13:42:26,10000.0,32.15,S
2021-07-19T13:42:26,500.0,32.15,S
2021-07-19T13:42:23,200.0,32.15,S
2021-07-19T13:42:22,1000.0,32.15,S
2021-07-19T13:42:21,100.0,32.15,S
2021-07-19T13:42:21,1000.0,32.15,S
2021-07-19T13:42:20,200.0,32.15,S
2021-07-19T13:42:17,2200.0,32.15,S
2021-07-19T13:42:16,1000.0,32.15,S
2021-07-19T13:42:10,300.0,32.15,S
2021-07-19T13:42:07,1000.0,32.15,S
2021-07-19T13:41:59,2900.0,32.2,S
2021-07-19T13:41:54,9000.0,32.2,S
2021-07-19T13:41:54,200.0,32.2,S
2021-07-19T13:41:54,200.0,32.2,S
2021-07-19T13:41:54,500.0,32.2,S
2021-07-19T13:41:54,200.0,32.2,S
2021-07-19T13:41:54,4100.0,32.2,S
2021-07-19T13:41:54,14800.0,32.2,S
2021-07-19T13:41:54,300.0,32.2,S
2021-07-19T13:41:53,500.0,32.2,S
2021-07-19T13:41:53,4000.0,32.2,S
2021-07-19T13:41:52,5000.0,32.2,S
2021-07-19T13:41:50,600.0,32.2,S
2021-07-19T13:41:47,500.0,32.2,S
2021-07-19T13:41:45,300.0,32.2,S
2021-07-19T13:41:40,200.0,32.25,B
2021-07-19T13:41:35,1000.0,32.25,B
2021-07-19T13:41:35,300.0,32.2,S
2021-07-19T13:41:34,26700.0,32.2,S
2021-07-19T13:41:34,3300.0,32.2,S
2021-07-19T13:41:32,2000.0,32.2,S
2021-07-19T13:41:31,900.0,32.2,S
2021-07-19T13:41:31,1200.0,32.2,S
2021-07-19T13:41:31,400.0,32.2,S
2021-07-19T13:41:31,900.0,32.2,S
2021-07-19T13:41:31,500.0,32.2,S
2021-07-19T13:41:31,300.0,32.2,S
2021-07-19T13:41:31,2800.0,32.2,S
2021-07-19T13:41:28,1000.0,32.2,S
2021-07-19T13:41:24,300.0,32.25,B
2021-07-19T13:41:18,5000.0,32.2,S
2021-07-19T13:41:17,300.0,32.2,S
2021-07-19T13:41:16,1000.0,32.25,B
2021-07-19T13:41:12,200.0,32.25,B
2021-07-19T13:41:10,100.0,32.2,S
2021-07-19T13:41:07,5000.0,32.25,B
2021-07-19T13:41:00,4900.0,32.25,B
2021-07-19T13:41:00,1000.0,32.25,S
2021-07-19T13:40:59,200.0,32.3,B
2021-07-19T13:40:59,14100.0,32.25,B
2021-07-19T13:40:56,10000.0,32.2,S
2021-07-19T13:40:56,900.0,32.25,S
2021-07-19T13:40:55,500.0,32.25,S
2021-07-19T13:40:53,19600.0,32.25,S
2021-07-19T13:40:53,200.0,32.25,S
2021-07-19T13:40:53,1300.0,32.25,S
2021-07-19T13:40:53,1000.0,32.25,S
2021-07-19T13:40:53,1000.0,32.25,S
2021-07-19T13:40:53,1500.0,32.25,S
2021-07-19T13:40:51,100.0,32.25,S
2021-07-19T13:40:50,100.0,32.25,S
2021-07-19T13:40:47,500.0,32.25,S
2021-07-19T13:40:42,3000.0,32.3,B
2021-07-19T13:40:40,400.0,32.25,S
2021-07-19T13:40:40,2000.0,32.25,S
2021-07-19T13:40:36,500.0,32.25,S
2021-07-19T13:40:35,100.0,32.25,S
2021-07-19T13:40:30,200.0,32.25,S
2021-07-19T13:40:25,1000.0,32.25,S
2021-07-19T13:40:25,100.0,32.25,S
2021-07-19T13:40:24,500.0,32.25,S
2021-07-19T13:40:23,12500.0,32.25,S
2021-07-19T13:40:23,200.0,32.25,S
2021-07-19T13:40:20,800.0,32.25,S
2021-07-19T13:40:18,300.0,32.25,S
2021-07-19T13:40:17,30000.0,32.25,S
2021-07-19T13:40:16,1000.0,32.25,S
2021-07-19T13:40:11,1000.0,32.25,S
2021-07-19T13:40:11,100.0,32.25,S
2021-07-19T13:40:05,300.0,32.25,S
2021-07-19T13:40:02,1500.0,32.25,S
2021-07-19T13:40:01,500.0,32.25,S
2021-07-19T13:40:01,100.0,32.25,S
2021-07-19T13:39:59,300.0,32.25,S
2021-07-19T13:39:55,4000.0,32.25,S
2021-07-19T13:39:47,1000.0,32.25,S
2021-07-19T13:39:42,300.0,32.25,S
2021-07-19T13:39:42,2000.0,32.25,S
2021-07-19T13:39:40,5000.0,32.25,S
2021-07-19T13:39:36,300.0,32.25,S
2021-07-19T13:39:35,2000.0,32.25,S
2021-07-19T13:39:30,1000.0,32.25,S
2021-07-19T13:39:28,500.0,32.25,S
2021-07-19T13:39:27,400.0,32.25,S
2021-07-19T13:39:21,3500.0,32.25,S
2021-07-19T13:39:19,2500.0,32.25,S
2021-07-19T13:39:18,500.0,32.25,S
2021-07-19T13:39:18,3500.0,32.25,S
2021-07-19T13:39:16,1500.0,32.25,S
2021-07-19T13:39:15,200.0,32.25,S
2021-07-19T13:39:14,1900.0,32.25,S
2021-07-19T13:39:11,1000.0,32.25,S
2021-07-19T13:39:11,500.0,32.25,S
2021-07-19T13:39:03,400.0,32.25,S
2021-07-19T13:39:03,500.0,32.25,S
2021-07-19T13:39:01,500.0,32.25,S
2021-07-19T13:38:58,1000.0,32.25,S
2021-07-19T13:38:58,4300.0,32.25,S
2021-07-19T13:38:55,1000.0,32.25,S
2021-07-19T13:38:49,5000.0,32.25,S
2021-07-19T13:38:44,1500.0,32.25,S
2021-07-19T13:38:38,500.0,32.25,S
2021-07-19T13:38:35,100.0,32.25,S
2021-07-19T13:38:31,3000.0,32.3,B
2021-07-19T13:38:27,700.0,32.25,S
2021-07-19T13:38:22,200.0,32.3,S
2021-07-19T13:38:22,16000.0,32.3,S
2021-07-19T13:38:21,100.0,32.3,S
2021-07-19T13:38:19,500.0,32.3,S
2021-07-19T13:38:17,500.0,32.3,S
2021-07-19T13:38:16,35500.0,32.3,S
2021-07-19T13:38:11,21400.0,32.3,S
2021-07-19T13:38:10,400.0,32.3,S
2021-07-19T13:38:09,1000.0,32.3,S
2021-07-19T13:38:05,5000.0,32.3,S
2021-07-19T13:38:04,200.0,32.35,B
2021-07-19T13:38:01,8000.0,32.35,B
2021-07-19T13:37:59,1000.0,32.3,S
2021-07-19T13:37:57,10000.0,32.3,S
2021-07-19T13:37:56,1000.0,32.3,S
2021-07-19T13:37:56,1000.0,32.3,S
2021-07-19T13:37:55,1200.0,32.3,S
2021-07-19T13:37:55,8800.0,32.3,S
2021-07-19T13:37:53,5700.0,32.3,S
2021-07-19T13:37:53,100.0,32.3,S
2021-07-19T13:37:44,1500.0,32.3,S
2021-07-19T13:37:41,1500.0,32.3,S
2021-07-19T13:37:39,11900.0,32.3,S
2021-07-19T13:37:37,600.0,32.3,S
2021-07-19T13:37:34,10000.0,32.3,S
2021-07-19T13:37:33,600.0,32.3,S
2021-07-19T13:37:28,4400.0,32.3,S
2021-07-19T13:37:25,1000.0,32.3,S
2021-07-19T13:37:25,1000.0,32.3,S
2021-07-19T13:37:21,500.0,32.3,S
2021-07-19T13:37:19,1000.0,32.3,S
2021-07-19T13:37:16,1300.0,32.3,S
2021-07-19T13:37:14,5000.0,32.3,S
2021-07-19T13:37:13,1000.0,32.3,S
2021-07-19T13:37:10,7000.0,32.3,S
2021-07-19T13:37:10,200.0,32.3,S
2021-07-19T13:37:08,1500.0,32.3,S
2021-07-19T13:37:08,1000.0,32.3,S
2021-07-19T13:37:07,400.0,32.3,S
2021-07-19T13:37:07,700.0,32.3,S
2021-07-19T13:37:07,1400.0,32.3,S
2021-07-19T13:37:07,200.0,32.3,S
2021-07-19T13:37:05,100.0,32.35,B
2021-07-19T13:37:05,1000.0,32.3,S
2021-07-19T13:37:05,300.0,32.3,S
2021-07-19T13:37:04,200.0,32.3,S
2021-07-19T13:37:04,5000.0,32.3,S
2021-07-19T13:37:04,2700.0,32.3,S
2021-07-19T13:37:04,100.0,32.3,S
2021-07-19T13:37:04,31000.0,32.3,S
2021-07-19T13:37:04,100.0,32.3,S
2021-07-19T13:37:04,4700.0,32.3,S
2021-07-19T13:37:02,5000.0,32.3,S
2021-07-19T13:37:01,1500.0,32.3,S
2021-07-19T13:37:00,300.0,32.3,S
2021-07-19T13:37:00,1000.0,32.35,B
2021-07-19T13:36:57,500.0,32.3,S
2021-07-19T13:36:56,3000.0,32.35,B
2021-07-19T13:36:55,1500.0,32.3,S
2021-07-19T13:36:40,200.0,32.3,S
2021-07-19T13:36:34,2000.0,32.3,S
2021-07-19T13:36:32,500.0,32.3,S
2021-07-19T13:36:29,4700.0,32.35,S
2021-07-19T13:36:28,300.0,32.35,S
2021-07-19T13:36:25,1000.0,32.3,S
2021-07-19T13:36:23,300.0,32.35,S
2021-07-19T13:36:21,200.0,32.35,S
2021-07-19T13:36:20,600.0,32.35,S
2021-07-19T13:36:17,300.0,32.35,S
2021-07-19T13:36:15,1900.0,32.35,B
2021-07-19T13:36:13,100.0,32.35,B
2021-07-19T13:36:13,10000.0,32.35,B
2021-07-19T13:36:11,5000.0,32.35,B
2021-07-19T13:36:08,300.0,32.35,B
2021-07-19T13:36:07,100.0,32.3,S
2021-07-19T13:36:07,8000.0,32.35,B
2021-07-19T13:36:00,300.0,32.35,S
2021-07-19T13:35:59,500.0,32.35,S
2021-07-19T13:35:59,500.0,32.35,S
2021-07-19T13:35:59,4000.0,32.35,S
2021-07-19T13:35:59,200.0,32.35,S
2021-07-19T13:35:59,2000.0,32.35,S
2021-07-19T13:35:58,500.0,32.4,B
2021-07-19T13:35:58,5000.0,32.35,S
2021-07-19T13:35:52,5000.0,32.35,S
2021-07-19T13:35:50,400.0,32.35,S
2021-07-19T13:35:49,2000.0,32.35,S
2021-07-19T13:35:44,2000.0,32.35,S
2021-07-19T13:35:40,500.0,32.35,S
2021-07-19T13:35:39,100.0,32.35,S
2021-07-19T13:35:39,1000.0,32.35,S
2021-07-19T13:35:37,500.0,32.35,S
2021-07-19T13:35:29,1500.0,32.35,S
2021-07-19T13:35:28,2000.0,32.35,S
2021-07-19T13:35:28,1000.0,32.35,S
2021-07-19T13:35:22,3000.0,32.35,S
2021-07-19T13:35:21,2900.0,32.4,B
2021-07-19T13:35:20,500.0,32.35,S
2021-07-19T13:35:19,2000.0,32.35,S
2021-07-19T13:35:16,100.0,32.35,S
2021-07-19T13:35:16,9600.0,32.35,S
2021-07-19T13:35:15,400.0,32.35,S
2021-07-19T13:35:05,6000.0,32.35,S
2021-07-19T13:35:03,900.0,32.4,B
2021-07-19T13:35:02,100.0,32.35,S
2021-07-19T13:35:01,900.0,32.35,S
2021-07-19T13:35:00,500.0,32.35,S
2021-07-19T13:34:58,200.0,32.35,S
2021-07-19T13:34:54,100.0,32.35,S
2021-07-19T13:34:54,300.0,32.35,S
2021-07-19T13:34:52,200.0,32.35,S
2021-07-19T13:34:48,400.0,32.35,S
2021-07-19T13:34:46,500.0,32.35,S
2021-07-19T13:34:39,100.0,32.35,S
2021-07-19T13:34:34,6000.0,32.35,S
2021-07-19T13:34:28,500.0,32.35,S
2021-07-19T13:34:24,2500.0,32.35,S
2021-07-19T13:34:22,100.0,32.4,B
2021-07-19T13:34:21,700.0,32.35,S
2021-07-19T13:34:20,500.0,32.35,B
2021-07-19T13:34:19,1500.0,32.35,S
2021-07-19T13:34:17,3000.0,32.35,S
2021-07-19T13:34:17,100.0,32.4,B
2021-07-19T13:34:15,400.0,32.35,S
2021-07-19T13:34:14,1900.0,32.35,S
2021-07-19T13:34:13,500.0,32.35,S
2021-07-19T13:34:08,800.0,32.35,S
2021-07-19T13:34:05,100.0,32.35,S
2021-07-19T13:34:05,12200.0,32.35,B
2021-07-19T13:34:05,1000.0,32.3,S
2021-07-19T13:34:04,400.0,32.3,S
2021-07-19T13:34:00,300.0,32.3,S
2021-07-19T13:33:58,100.0,32.35,S
2021-07-19T13:33:58,8000.0,32.35,S
2021-07-19T13:33:57,2200.0,32.35,B
2021-07-19T13:33:56,1300.0,32.35,S
2021-07-19T13:33:55,100.0,32.35,S
2021-07-19T13:33:53,700.0,32.35,S
2021-07-19T13:33:50,5000.0,32.35,S
2021-07-19T13:33:49,1000.0,32.35,S
2021-07-19T13:33:49,10000.0,32.35,S
2021-07-19T13:33:46,800.0,32.35,S
2021-07-19T13:33:41,10500.0,32.35,S
2021-07-19T13:33:37,10000.0,32.35,S
2021-07-19T13:33:32,3000.0,32.35,S
2021-07-19T13:33:26,200.0,32.35,S
2021-07-19T13:33:22,3000.0,32.35,S
2021-07-19T13:33:21,5000.0,32.35,S
2021-07-19T13:33:08,500.0,32.35,S
2021-07-19T13:33:06,13300.0,32.35,S
2021-07-19T13:33:06,1000.0,32.35,S
2021-07-19T13:33:04,1000.0,32.35,S
2021-07-19T13:33:02,1000.0,32.35,S
2021-07-19T13:33:01,1000.0,32.35,S
2021-07-19T13:32:56,5000.0,32.35,S
2021-07-19T13:32:56,700.0,32.35,S
2021-07-19T13:32:52,100.0,32.35,S
2021-07-19T13:32:49,3600.0,32.35,B
2021-07-19T13:32:48,100.0,32.3,S
2021-07-19T13:32:46,400.0,32.35,S
2021-07-19T13:32:38,700.0,32.35,S
2021-07-19T13:32:34,100.0,32.35,S
2021-07-19T13:32:33,200.0,32.35,S
2021-07-19T13:32:33,700.0,32.35,S
2021-07-19T13:32:28,300.0,32.35,S
2021-07-19T13:32:27,400.0,32.35,S
2021-07-19T13:32:27,1000.0,32.35,S
2021-07-19T13:32:26,2100.0,32.35,S
2021-07-19T13:32:23,1100.0,32.35,S
2021-07-19T13:32:20,2000.0,32.35,S
2021-07-19T13:32:18,500.0,32.35,S
2021-07-19T13:32:11,500.0,32.35,S
2021-07-19T13:32:03,400.0,32.35,S
2021-07-19T13:32:03,200.0,32.35,S
2021-07-19T13:32:01,5000.0,32.35,S
2021-07-19T13:32:00,500.0,32.35,S
2021-07-19T13:31:58,4000.0,32.35,S
2021-07-19T13:31:57,10000.0,32.35,S
2021-07-19T13:31:48,100.0,32.35,S
2021-07-19T13:31:47,5000.0,32.35,S
2021-07-19T13:31:45,1400.0,32.35,S
2021-07-19T13:31:41,100.0,32.35,S
2021-07-19T13:31:41,1000.0,32.35,S
2021-07-19T13:31:41,100.0,32.35,S
2021-07-19T13:31:37,200.0,32.35,S
2021-07-19T13:31:33,1000.0,32.35,S
2021-07-19T13:31:31,300.0,32.35,S
2021-07-19T13:31:29,1900.0,32.35,S
2021-07-19T13:31:29,500.0,32.35,S
2021-07-19T13:31:28,200.0,32.4,B
2021-07-19T13:31:24,100.0,32.35,S
2021-07-19T13:31:24,1000.0,32.35,S
2021-07-19T13:31:20,700.0,32.35,S
2021-07-19T13:31:17,200.0,32.35,S
2021-07-19T13:31:15,1500.0,32.4,B
2021-07-19T13:31:14,1000.0,32.35,S
2021-07-19T13:31:14,2000.0,32.35,S
2021-07-19T13:31:12,500.0,32.35,S
2021-07-19T13:31:05,200.0,32.35,S
2021-07-19T13:31:00,100.0,32.35,S
2021-07-19T13:30:56,200.0,32.35,S
2021-07-19T13:30:52,1500.0,32.35,S
2021-07-19T13:30:48,3200.0,32.35,S
2021-07-19T13:30:47,300.0,32.35,S
2021-07-19T13:30:38,2000.0,32.35,S
2021-07-19T13:30:33,700.0,32.35,S
2021-07-19T13:30:33,2000.0,32.35,S
2021-07-19T13:30:28,10000.0,32.35,S
2021-07-19T13:30:28,1900.0,32.35,S
2021-07-19T13:30:26,200.0,32.35,S
2021-07-19T13:30:24,800.0,32.35,S
2021-07-19T13:30:20,500.0,32.35,S
2021-07-19T13:30:13,100.0,32.35,S
2021-07-19T13:30:11,10000.0,32.35,S
2021-07-19T13:30:06,1500.0,32.35,S
2021-07-19T13:30:05,1000.0,32.35,S
2021-07-19T13:30:04,700.0,32.35,S
2021-07-19T13:30:04,1300.0,32.35,S
2021-07-19T13:30:04,2000.0,32.35,S
2021-07-19T13:29:56,600.0,32.35,S
2021-07-19T13:29:48,100.0,32.35,S
2021-07-19T13:29:46,1000.0,32.35,S
2021-07-19T13:29:36,200.0,32.4,B
2021-07-19T13:29:35,500.0,32.35,S
2021-07-19T13:29:25,1500.0,32.35,S
2021-07-19T13:29:17,400.0,32.35,S
2021-07-19T13:29:17,300.0,32.35,S
2021-07-19T13:29:07,1000.0,32.35,S
2021-07-19T13:29:05,500.0,32.4,B
2021-07-19T13:29:02,5300.0,32.35,S
2021-07-19T13:29:00,5000.0,32.35,S
2021-07-19T13:28:56,2600.0,32.35,S
2021-07-19T13:28:50,200.0,32.35,S
2021-07-19T13:28:43,2000.0,32.35,S
2021-07-19T13:28:42,200.0,32.35,S
2021-07-19T13:28:39,100.0,32.4,B
2021-07-19T13:28:32,500.0,32.35,S
2021-07-19T13:28:29,600.0,32.35,S
2021-07-19T13:28:27,100.0,32.35,S
2021-07-19T13:28:25,2000.0,32.4,B
2021-07-19T13:28:22,200.0,32.35,S
2021-07-19T13:28:19,100.0,32.35,S
2021-07-19T13:28:11,100.0,32.35,S
2021-07-19T13:28:10,5000.0,32.4,B
2021-07-19T13:28:07,2300.0,32.35,S
2021-07-19T13:28:03,100.0,32.35,S
2021-07-19T13:27:54,600.0,32.35,S
2021-07-19T13:27:52,1000.0,32.35,S
2021-07-19T13:27:43,100.0,32.35,S
2021-07-19T13:27:43,2000.0,32.35,S
2021-07-19T13:27:40,2000.0,32.35,S
2021-07-19T13:27:37,5000.0,32.35,S
2021-07-19T13:27:30,1000.0,32.35,S
2021-07-19T13:27:26,2000.0,32.4,B
2021-07-19T13:27:25,1500.0,32.35,S
2021-07-19T13:27:22,1000.0,32.35,S
2021-07-19T13:27:17,800.0,32.35,S
2021-07-19T13:27:15,200.0,32.35,S
2021-07-19T13:27:14,1900.0,32.35,S
2021-07-19T13:27:13,1000.0,32.4,B
2021-07-19T13:27:10,6500.0,32.35,B
2021-07-19T13:26:59,100.0,32.3,S
2021-07-19T13:26:52,2000.0,32.3,S
2021-07-19T13:26:51,7300.0,32.35,S
2021-07-19T13:26:51,5200.0,32.35,S
2021-07-19T13:26:51,30900.0,32.35,S
2021-07-19T13:26:51,700.0,32.35,S
2021-07-19T13:26:50,2000.0,32.35,S
2021-07-19T13:26:45,500.0,32.35,S
2021-07-19T13:26:15,4000.0,32.35,S
2021-07-19T13:26:15,1500.0,32.35,S
2021-07-19T13:26:15,500.0,32.35,S
2021-07-19T13:26:15,2000.0,32.35,S
2021-07-19T13:26:11,500.0,32.35,S
2021-07-19T13:25:56,7500.0,32.35,S
2021-07-19T13:25:55,500.0,32.35,S
2021-07-19T13:25:53,100.0,32.4,B
2021-07-19T13:25:53,200.0,32.35,S
2021-07-19T13:25:50,200.0,32.35,S
2021-07-19T13:25:45,1000.0,32.35,S
2021-07-19T13:25:35,500.0,32.35,S
2021-07-19T13:25:33,2000.0,32.35,S
2021-07-19T13:25:25,500.0,32.35,S
2021-07-19T13:25:21,2300.0,32.35,S
2021-07-19T13:25:10,13500.0,32.35,S
2021-07-19T13:25:01,100.0,32.35,S
2021-07-19T13:24:55,1000.0,32.35,S
2021-07-19T13:24:47,500.0,32.35,S
2021-07-19T13:24:39,30000.0,32.4,B
2021-07-19T13:24:38,700.0,32.35,S
2021-07-19T13:24:32,5800.0,32.35,S
2021-07-19T13:24:31,2000.0,32.35,B
2021-07-19T13:24:26,200.0,32.35,B
2021-07-19T13:24:22,1900.0,32.3,S
2021-07-19T13:24:17,2000.0,32.3,S
2021-07-19T13:24:13,100.0,32.3,S
2021-07-19T13:24:08,1000.0,32.3,S
2021-07-19T13:23:55,1000.0,32.3,S
2021-07-19T13:23:46,700.0,32.3,S
2021-07-19T13:23:39,1200.0,32.3,S
2021-07-19T13:23:39,200.0,32.4,B
2021-07-19T13:23:35,100.0,32.35,S
2021-07-19T13:23:33,1900.0,32.35,S
2021-07-19T13:23:32,600.0,32.35,B
2021-07-19T13:23:21,100.0,32.35,B
2021-07-19T13:23:12,200.0,32.3,S
2021-07-19T13:23:11,900.0,32.35,B
2021-07-19T13:23:11,1200.0,32.3,S
2021-07-19T13:23:07,2000.0,32.3,S
2021-07-19T13:23:07,14700.0,32.4,B
2021-07-19T13:23:07,5300.0,32.4,B
2021-07-19T13:23:02,200.0,32.35,S
2021-07-19T13:22:53,100.0,32.4,B
2021-07-19T13:22:47,200.0,32.4,B
2021-07-19T13:22:46,1300.0,32.4,B
2021-07-19T13:22:46,500.0,32.4,B
2021-07-19T13:22:44,100.0,32.3,S
2021-07-19T13:22:39,100.0,32.4,B
2021-07-19T13:22:37,100.0,32.4,B
2021-07-19T13:22:32,100.0,32.4,B
2021-07-19T13:22:21,1200.0,32.4,B
2021-07-19T13:22:21,100.0,32.3,S
2021-07-19T13:22:21,100.0,32.3,S
2021-07-19T13:22:10,500.0,32.3,S
2021-07-19T13:21:59,100.0,32.4,B
2021-07-19T13:21:57,1000.0,32.4,B
2021-07-19T13:21:54,10000.0,32.3,S
2021-07-19T13:21:48,500.0,32.4,B
2021-07-19T13:21:40,1000.0,32.4,B
2021-07-19T13:21:34,5000.0,32.3,S
2021-07-19T13:21:31,100.0,32.35,S
2021-07-19T13:21:22,100.0,32.4,B
2021-07-19T13:21:21,600.0,32.35,S
2021-07-19T13:21:09,200.0,32.4,B
2021-07-19T13:21:05,200.0,32.4,B
2021-07-19T13:21:00,100.0,32.4,B
2021-07-19T13:20:58,200.0,32.4,B
2021-07-19T13:20:51,2000.0,32.4,B
2021-07-19T13:20:49,200.0,32.4,B
2021-07-19T13:20:48,100.0,32.4,B
2021-07-19T13:20:47,100.0,32.4,B
2021-07-19T13:20:45,1000.0,32.4,S
2021-07-19T13:20:45,5600.0,32.4,S
2021-07-19T13:20:45,10300.0,32.4,S
2021-07-19T13:20:45,2000.0,32.4,S
2021-07-19T13:20:45,1200.0,32.4,S
2021-07-19T13:20:44,600.0,32.4,S
2021-07-19T13:20:44,1100.0,32.4,S
2021-07-19T13:20:42,100.0,32.4,S
2021-07-19T13:20:34,200.0,32.4,S
2021-07-19T13:20:30,600.0,32.45,B
2021-07-19T13:20:27,2000.0,32.45,S
2021-07-19T13:20:26,300.0,32.45,S
2021-07-19T13:20:13,600.0,32.45,S
2021-07-19T13:19:58,100.0,32.5,B
2021-07-19T13:19:56,200.0,32.45,S
2021-07-19T13:19:44,100.0,32.5,B
2021-07-19T13:19:39,500.0,32.45,S
2021-07-19T13:19:31,1000.0,32.5,S
2021-07-19T13:19:31,1400.0,32.5,S
2021-07-19T13:19:31,300.0,32.5,S
2021-07-19T13:19:31,2200.0,32.5,S
2021-07-19T13:19:31,100.0,32.5,S
2021-07-19T13:19:31,10100.0,32.5,S
2021-07-19T13:19:31,1200.0,32.5,S
2021-07-19T13:19:31,3400.0,32.5,S
2021-07-19T13:19:31,20200.0,32.5,S
2021-07-19T13:19:31,3100.0,32.55,S
2021-07-19T13:19:31,100.0,32.6,S
2021-07-19T13:19:31,12100.0,32.6,S
2021-07-19T13:19:31,1000.0,32.6,S
2021-07-19T13:19:24,100.0,32.6,S
2021-07-19T13:19:20,200.0,32.6,S
2021-07-19T13:19:18,500.0,32.6,S
2021-07-19T13:19:17,100.0,32.6,S
2021-07-19T13:19:12,1000.0,32.6,S
2021-07-19T13:19:11,100.0,32.6,S
2021-07-19T13:19:10,100.0,32.65,B
2021-07-19T13:19:09,100.0,32.6,S
2021-07-19T13:18:59,100.0,32.65,B
2021-07-19T13:18:59,3000.0,32.6,S
2021-07-19T13:18:51,100.0,32.65,B
2021-07-19T13:18:45,1600.0,32.65,B
2021-07-19T13:18:43,1500.0,32.65,B
2021-07-19T13:18:42,300.0,32.65,S
2021-07-19T13:18:40,500.0,32.7,B
2021-07-19T13:18:24,500.0,32.65,S
2021-07-19T13:18:11,2000.0,32.65,S
2021-07-19T13:18:06,500.0,32.65,S
2021-07-19T13:18:02,500.0,32.65,S
2021-07-19T13:17:59,300.0,32.65,S
2021-07-19T13:17:41,100.0,32.65,S
2021-07-19T13:17:35,100.0,32.65,S
2021-07-19T13:17:35,2900.0,32.65,B
2021-07-19T13:17:24,100.0,32.65,B
2021-07-19T13:17:21,500.0,32.6,S
2021-07-19T13:17:19,1000.0,32.6,S
2021-07-19T13:17:15,1000.0,32.6,S
2021-07-19T13:17:10,400.0,32.6,S
2021-07-19T13:17:10,600.0,32.6,S
2021-07-19T13:17:01,900.0,32.6,S
2021-07-19T13:16:51,1500.0,32.6,S
2021-07-19T13:16:49,900.0,32.6,S
2021-07-19T13:16:49,900.0,32.6,S
2021-07-19T13:16:47,300.0,32.6,S
2021-07-19T13:16:36,500.0,32.6,S
2021-07-19T13:16:31,600.0,32.6,B
2021-07-19T13:16:31,200.0,32.6,B
2021-07-19T13:16:21,100.0,32.6,B
2021-07-19T13:16:16,200.0,32.6,B
2021-07-19T13:16:14,200.0,32.5,S
2021-07-19T13:16:10,2000.0,32.6,B
2021-07-19T13:16:08,400.0,32.55,S
2021-07-19T13:16:07,1000.0,32.55,B
2021-07-19T13:16:02,100.0,32.55,B
2021-07-19T13:15:58,6700.0,32.5,S
2021-07-19T13:15:58,600.0,32.6,B
2021-07-19T13:15:51,300.0,32.55,S
2021-07-19T13:15:45,200.0,32.55,B
2021-07-19T13:15:41,2000.0,32.55,B
2021-07-19T13:15:41,200.0,32.55,B
2021-07-19T13:15:41,500.0,32.55,B
2021-07-19T13:15:38,100.0,32.55,B
2021-07-19T13:15:35,200.0,32.55,B
2021-07-19T13:15:35,100.0,32.55,B
2021-07-19T13:15:34,200.0,32.55,S
2021-07-19T13:15:33,300.0,32.55,S
2021-07-19T13:15:33,700.0,32.55,S
2021-07-19T13:15:26,800.0,32.55,B
2021-07-19T13:15:24,300.0,32.55,B
2021-07-19T13:15:23,200.0,32.55,B
2021-07-19T13:15:21,200.0,32.55,B
2021-07-19T13:15:21,300.0,32.55,B
2021-07-19T13:15:18,2000.0,32.55,B
2021-07-19T13:15:12,2000.0,32.55,B
2021-07-19T13:15:11,100.0,32.55,B
2021-07-19T13:15:11,1000.0,32.55,B
2021-07-19T13:15:11,5000.0,32.5,S
2021-07-19T13:15:09,300.0,32.5,S
2021-07-19T13:15:08,300.0,32.55,B
2021-07-19T13:15:04,800.0,32.55,B
2021-07-19T13:15:02,200.0,32.5,S
2021-07-19T13:14:55,2000.0,32.55,B
2021-07-19T13:14:52,1000.0,32.5,S
2021-07-19T13:14:48,300.0,32.5,B
2021-07-19T13:14:48,200.0,32.5,B
2021-07-19T13:14:48,6500.0,32.5,B
2021-07-19T13:14:46,2000.0,32.5,B
2021-07-19T13:14:45,100.0,32.5,B
2021-07-19T13:14:43,300.0,32.5,B
2021-07-19T13:14:39,4000.0,32.5,B
2021-07-19T13:14:38,15000.0,32.5,B
2021-07-19T13:14:37,200.0,32.5,B
2021-07-19T13:14:31,15000.0,32.5,B
2021-07-19T13:14:30,1000.0,32.45,B
2021-07-19T13:14:21,9200.0,32.45,B
2021-07-19T13:14:18,900.0,32.35,B
2021-07-19T13:14:15,2400.0,32.35,B
2021-07-19T13:14:15,600.0,32.35,S
2021-07-19T13:14:15,1100.0,32.4,S
2021-07-19T13:14:04,3000.0,32.45,B
2021-07-19T13:14:00,100.0,32.45,B
2021-07-19T13:13:59,1000.0,32.45,B
2021-07-19T13:13:56,1000.0,32.45,B
2021-07-19T13:13:53,1400.0,32.4,S
2021-07-19T13:13:48,100.0,32.45,B
2021-07-19T13:13:46,1000.0,32.4,S
2021-07-19T13:13:35,10000.0,32.3,S
2021-07-19T13:13:35,100.0,32.4,S
2021-07-19T13:13:32,100.0,32.4,S
2021-07-19T13:13:27,100.0,32.4,S
2021-07-19T13:13:26,5100.0,32.4,S
2021-07-19T13:13:21,200.0,32.4,S
2021-07-19T13:13:14,4300.0,32.4,B
2021-07-19T13:13:10,100.0,32.4,B
2021-07-19T13:13:10,100.0,32.35,S
2021-07-19T13:13:10,500.0,32.35,S
2021-07-19T13:13:08,200.0,32.4,B
2021-07-19T13:13:05,1000.0,32.4,B
2021-07-19T13:13:00,100.0,32.4,B
2021-07-19T13:12:42,500.0,32.3,S
2021-07-19T13:12:22,1100.0,32.3,S
2021-07-19T13:12:19,2000.0,32.3,S
2021-07-19T13:12:13,2100.0,32.3,B
2021-07-19T13:12:13,1200.0,32.3,S
2021-07-19T13:12:06,300.0,32.3,S
2021-07-19T13:12:06,1400.0,32.3,B
2021-07-19T13:12:02,1000.0,32.3,B
2021-07-19T13:12:01,100.0,32.3,B
2021-07-19T13:12:00,1200.0,32.3,B
2021-07-19T13:11:57,200.0,32.3,B
2021-07-19T13:11:55,200.0,32.3,B
2021-07-19T13:11:54,2000.0,32.3,B
2021-07-19T13:11:52,2000.0,32.3,B
2021-07-19T13:11:52,100.0,32.3,B
2021-07-19T13:11:52,1500.0,32.3,B
2021-07-19T13:11:51,100.0,32.3,B
2021-07-19T13:11:47,100.0,32.3,B
2021-07-19T13:11:46,200.0,32.3,B
2021-07-19T13:11:39,100.0,32.3,B
2021-07-19T13:11:38,100.0,32.3,B
2021-07-19T13:11:38,1000.0,32.3,B
2021-07-19T13:11:37,500.0,32.3,B
2021-07-19T13:11:31,100.0,32.3,B
2021-07-19T13:11:25,100.0,32.3,B
2021-07-19T13:11:21,100.0,32.3,B
2021-07-19T13:11:13,500.0,32.3,B
2021-07-19T13:11:12,7600.0,32.3,S
2021-07-19T13:11:10,300.0,32.3,S
2021-07-19T13:11:06,1000.0,32.4,B
2021-07-19T13:11:04,2300.0,32.3,B
2021-07-19T13:11:01,1000.0,32.3,B
2021-07-19T13:10:57,100.0,32.3,B
2021-07-19T13:10:57,2000.0,32.3,B
2021-07-19T13:10:49,500.0,32.3,B
2021-07-19T13:10:48,100.0,32.3,B
2021-07-19T13:10:48,10000.0,32.25,S
2021-07-19T13:10:47,500.0,32.3,B
2021-07-19T13:10:44,3000.0,32.3,B
2021-07-19T13:10:42,200.0,32.3,B
2021-07-19T13:10:37,100.0,32.3,B
2021-07-19T13:10:37,300.0,32.3,B
2021-07-19T13:10:35,4000.0,32.3,B
2021-07-19T13:10:32,1000.0,32.3,B
2021-07-19T13:10:30,1000.0,32.3,B
2021-07-19T13:10:19,100.0,32.3,B
2021-07-19T13:10:18,500.0,32.3,B
2021-07-19T13:10:18,200.0,32.3,B
2021-07-19T13:10:15,300.0,32.25,S
2021-07-19T13:10:15,500.0,32.3,B
2021-07-19T13:10:08,100.0,32.3,B
2021-07-19T13:10:06,500.0,32.3,B
2021-07-19T13:10:02,100.0,32.4,B
2021-07-19T13:09:59,500.0,32.25,S
2021-07-19T13:09:57,500.0,32.4,B
2021-07-19T13:09:52,2000.0,32.25,B
2021-07-19T13:09:48,600.0,32.25,B
2021-07-19T13:09:47,2400.0,32.25,S
2021-07-19T13:09:44,500.0,32.4,B
2021-07-19T13:09:40,500.0,32.4,B
2021-07-19T13:09:34,1000.0,32.4,B
2021-07-19T13:09:31,100.0,32.25,B
2021-07-19T13:09:25,100.0,32.25,B
2021-07-19T13:09:16,10000.0,32.25,B
2021-07-19T13:09:09,13400.0,32.2,S
2021-07-19T13:09:08,2000.0,32.15,S
2021-07-19T13:09:04,400.0,32.15,B
2021-07-19T13:09:04,500.0,32.15,B
2021-07-19T13:09:04,8700.0,32.15,B
2021-07-19T13:09:01,2000.0,32.15,B
2021-07-19T13:08:59,5000.0,32.15,B
2021-07-19T13:08:58,100.0,32.15,B
2021-07-19T13:08:56,100.0,32.15,B
2021-07-19T13:08:52,500.0,32.15,B
2021-07-19T13:08:51,3600.0,32.15,S
2021-07-19T13:08:49,500.0,32.15,S
2021-07-19T13:08:49,4500.0,32.15,S
2021-07-19T13:08:49,300.0,32.15,S
2021-07-19T13:08:49,10000.0,32.2,B
2021-07-19T13:08:47,10000.0,32.15,S
2021-07-19T13:08:46,700.0,32.15,S
2021-07-19T13:08:44,300.0,32.15,S
2021-07-19T13:08:44,4000.0,32.15,S
2021-07-19T13:08:34,300.0,32.15,S
2021-07-19T13:08:29,200.0,32.15,S
2021-07-19T13:08:25,4000.0,32.15,B
2021-07-19T13:08:25,2800.0,32.15,B
2021-07-19T13:08:10,500.0,32.15,B
2021-07-19T13:08:02,1000.0,32.15,S
2021-07-19T13:08:00,500.0,32.1,S
2021-07-19T13:07:57,1000.0,32.1,S
2021-07-19T13:07:56,1000.0,32.15,S
2021-07-19T13:07:56,100.0,32.15,S
2021-07-19T13:07:49,300.0,32.1,S
2021-07-19T13:07:46,900.0,32.1,S
2021-07-19T13:07:44,1000.0,32.15,B
2021-07-19T13:07:44,500.0,32.15,B
2021-07-19T13:07:40,200.0,32.1,S
2021-07-19T13:07:39,8700.0,32.1,S
2021-07-19T13:07:38,100.0,32.15,S
2021-07-19T13:07:36,300.0,32.15,B
2021-07-19T13:07:33,1000.0,32.15,B
2021-07-19T13:07:30,100.0,32.15,B
2021-07-19T13:07:28,300.0,32.1,S
2021-07-19T13:07:25,6000.0,32.1,S
2021-07-19T13:07:16,100.0,32.1,S
2021-07-19T13:07:13,1000.0,32.15,B
2021-07-19T13:07:07,100.0,32.15,B
2021-07-19T13:07:07,1200.0,32.1,S
2021-07-19T13:07:03,100.0,32.15,B
2021-07-19T13:06:58,500.0,32.1,S
2021-07-19T13:06:57,500.0,32.15,B
2021-07-19T13:06:56,20000.0,32.1,S
2021-07-19T13:06:52,800.0,32.15,S
2021-07-19T13:06:52,500.0,32.15,S
2021-07-19T13:06:46,600.0,32.15,S
2021-07-19T13:06:45,100.0,32.2,B
2021-07-19T13:06:41,700.0,32.15,S
2021-07-19T13:06:39,2000.0,32.15,S
2021-07-19T13:06:32,1000.0,32.15,S
2021-07-19T13:06:30,5000.0,32.2,B
2021-07-19T13:06:25,1000.0,32.2,B
2021-07-19T13:06:21,3100.0,32.1,S
2021-07-19T13:06:20,1000.0,32.1,S
2021-07-19T13:06:17,600.0,32.1,S
2021-07-19T13:06:16,1000.0,32.2,B
2021-07-19T13:06:12,2000.0,32.1,S
2021-07-19T13:06:10,300.0,32.1,S
2021-07-19T13:06:02,1000.0,32.2,B
2021-07-19T13:05:55,1000.0,32.05,S
2021-07-19T13:05:55,3000.0,32.05,S
2021-07-19T13:05:54,1000.0,32.05,S
2021-07-19T13:05:52,10000.0,32.05,S
2021-07-19T13:05:50,700.0,32.1,B
2021-07-19T13:05:48,1500.0,32.05,S
2021-07-19T13:05:42,100.0,32.05,S
2021-07-19T13:05:37,2000.0,32.05,S
2021-07-19T13:05:34,800.0,32.05,S
2021-07-19T13:05:29,100.0,32.05,S
2021-07-19T13:05:28,1000.0,32.05,S
2021-07-19T13:05:21,1600.0,32.05,S
2021-07-19T13:05:19,5000.0,32.05,S
2021-07-19T13:05:19,5000.0,32.2,B
2021-07-19T13:05:17,100.0,32.05,S
2021-07-19T13:05:13,200.0,32.1,S
2021-07-19T13:05:10,5000.0,32.05,S
2021-07-19T13:05:08,1000.0,32.05,S
2021-07-19T13:05:05,800.0,32.05,S
2021-07-19T13:05:03,1000.0,32.05,S
2021-07-19T13:05:02,10000.0,32.05,S
2021-07-19T13:05:01,500.0,32.05,S
2021-07-19T13:04:56,3000.0,32.05,S
2021-07-19T13:04:55,1000.0,32.05,S
2021-07-19T13:04:53,5200.0,32.05,S
2021-07-19T13:04:51,800.0,32.0,S
2021-07-19T13:04:45,2000.0,32.0,S
2021-07-19T13:04:42,1000.0,32.0,S
2021-07-19T13:04:39,1300.0,32.0,S
2021-07-19T13:04:39,12200.0,32.0,S
2021-07-19T13:04:39,400.0,32.0,S
2021-07-19T13:04:39,6400.0,32.0,S
2021-07-19T13:04:32,1900.0,32.05,S
2021-07-19T13:04:32,900.0,32.1,S
2021-07-19T13:04:32,800.0,32.1,S
2021-07-19T13:04:32,4900.0,32.1,S
2021-07-19T13:04:31,500.0,32.2,S
2021-07-19T13:04:30,1600.0,32.2,S
2021-07-19T13:04:29,4000.0,32.2,S
2021-07-19T13:04:26,800.0,32.2,S
2021-07-19T13:04:26,9200.0,32.2,S
2021-07-19T13:04:25,2800.0,32.2,S
2021-07-19T13:04:24,1800.0,32.2,S
2021-07-19T13:04:21,200.0,32.2,S
2021-07-19T13:04:17,200.0,32.2,S
2021-07-19T13:04:17,100.0,32.2,S
2021-07-19T13:04:16,6000.0,32.2,S
2021-07-19T13:04:14,200.0,32.25,B
2021-07-19T13:04:12,3000.0,32.2,S
2021-07-19T13:04:11,100.0,32.2,S
2021-07-19T13:04:09,15000.0,32.2,S
2021-07-19T13:04:03,6200.0,32.2,S
2021-07-19T13:04:00,400.0,32.2,S
2021-07-19T13:03:57,2000.0,32.2,S
2021-07-19T13:03:56,100.0,32.25,B
2021-07-19T13:03:55,500.0,32.2,S
2021-07-19T13:03:49,1000.0,32.2,S
2021-07-19T13:03:48,500.0,32.2,S
2021-07-19T13:03:45,500.0,32.2,S
2021-07-19T13:03:35,2000.0,32.2,B
2021-07-19T13:03:34,200.0,32.2,B
2021-07-19T13:03:34,3200.0,32.1,S
2021-07-19T13:03:34,1800.0,32.1,S
2021-07-19T13:03:33,1000.0,32.1,S
2021-07-19T13:03:27,100.0,32.2,B
2021-07-19T13:03:19,2000.0,32.2,S
2021-07-19T13:03:16,100.0,32.25,B
2021-07-19T13:03:10,3900.0,32.2,S
2021-07-19T13:03:10,2400.0,32.2,S
2021-07-19T13:03:10,1000.0,32.2,S
2021-07-19T13:03:10,900.0,32.2,S
2021-07-19T13:03:10,1700.0,32.2,S
2021-07-19T13:03:05,2400.0,32.25,S
2021-07-19T13:03:05,500.0,32.25,S
2021-07-19T13:02:58,1000.0,32.25,S
2021-07-19T13:02:57,100.0,32.3,B
2021-07-19T13:02:53,100.0,32.3,B
2021-07-19T13:02:52,500.0,32.25,S
2021-07-19T13:02:52,200.0,32.25,S
2021-07-19T13:02:51,200.0,32.3,B
2021-07-19T13:02:47,100.0,32.3,B
2021-07-19T13:02:43,200.0,32.3,B
2021-07-19T13:02:38,5300.0,32.3,S
2021-07-19T13:02:35,300.0,32.3,S
2021-07-19T13:02:35,100.0,32.3,S
2021-07-19T13:02:35,300.0,32.3,S
2021-07-19T13:02:30,1000.0,32.3,S
2021-07-19T13:02:20,400.0,32.3,S
2021-07-19T13:02:20,100.0,32.3,S
2021-07-19T13:02:20,9500.0,32.3,S
2021-07-19T13:02:09,3700.0,32.3,S
2021-07-19T13:02:09,1400.0,32.3,S
2021-07-19T13:02:09,100.0,32.3,S
2021-07-19T13:02:09,100.0,32.3,S
2021-07-19T13:02:09,1000.0,32.3,S
2021-07-19T13:02:09,500.0,32.3,S
2021-07-19T13:02:09,800.0,32.35,S
2021-07-19T13:02:09,600.0,32.35,S
2021-07-19T13:02:09,1200.0,32.4,S
2021-07-19T13:02:09,3000.0,32.4,S
2021-07-19T13:02:09,2000.0,32.4,S
2021-07-19T13:02:08,46600.0,32.5,S
2021-07-19T13:02:02,2100.0,32.55,S
2021-07-19T13:01:56,2000.0,32.55,S
2021-07-19T13:01:42,300.0,32.55,B
2021-07-19T13:01:42,1400.0,32.4,S
2021-07-19T13:01:29,100.0,32.5,B
2021-07-19T13:01:24,600.0,32.4,S
2021-07-19T13:01:24,2500.0,32.4,S
2021-07-19T13:01:24,1100.0,32.45,S
2021-07-19T13:01:24,900.0,32.45,S
2021-07-19T13:01:23,54800.0,32.5,S
2021-07-19T13:01:23,8300.0,32.5,S
2021-07-19T13:01:20,1200.0,32.5,S
2021-07-19T13:01:19,10000.0,32.5,S
2021-07-19T13:01:18,700.0,32.5,S
2021-07-19T13:01:18,300.0,32.5,S
2021-07-19T13:01:09,200.0,32.5,S
2021-07-19T13:01:09,700.0,32.5,S
2021-07-19T13:01:09,600.0,32.5,S
2021-07-19T13:01:09,200.0,32.5,S
2021-07-19T13:01:09,1000.0,32.5,S
2021-07-19T13:01:09,800.0,32.5,S
2021-07-19T13:01:09,600.0,32.5,S
2021-07-19T13:01:09,700.0,32.5,S
2021-07-19T13:01:09,200.0,32.5,S
2021-07-19T13:01:09,2000.0,32.5,S
2021-07-19T13:01:09,300.0,32.5,S
2021-07-19T13:01:09,5300.0,32.5,S
2021-07-19T13:01:09,1300.0,32.5,S
2021-07-19T13:01:09,500.0,32.5,S
2021-07-19T13:01:09,600.0,32.5,S
2021-07-19T13:01:09,1300.0,32.5,S
2021-07-19T13:01:09,200.0,32.5,S
2021-07-19T13:01:09,1200.0,32.5,S
2021-07-19T13:01:09,200.0,32.5,S
2021-07-19T13:01:09,2300.0,32.5,S
2021-07-19T13:01:09,600.0,32.5,S
2021-07-19T13:01:09,1400.0,32.5,S
2021-07-19T13:01:09,5400.0,32.5,S
2021-07-19T13:01:09,1400.0,32.5,S
2021-07-19T13:01:09,2100.0,32.5,S
2021-07-19T13:01:09,1500.0,32.5,S
2021-07-19T13:01:09,800.0,32.5,S
2021-07-19T13:01:09,300.0,32.5,S
2021-07-19T13:01:09,200.0,32.5,S
2021-07-19T13:01:09,400.0,32.5,S
2021-07-19T13:01:09,4000.0,32.5,S
2021-07-19T13:01:09,3600.0,32.5,S
2021-07-19T13:01:09,7700.0,32.5,S
2021-07-19T13:01:09,800.0,32.5,S
2021-07-19T13:01:09,600.0,32.5,S
2021-07-19T13:01:09,400.0,32.5,S
2021-07-19T13:01:09,700.0,32.5,S
2021-07-19T13:01:09,2100.0,32.5,S
2021-07-19T13:01:09,200.0,32.5,S
2021-07-19T13:01:09,400.0,32.5,S
2021-07-19T13:01:09,200.0,32.5,S
2021-07-19T13:01:09,2000.0,32.5,S
2021-07-19T13:01:09,5200.0,32.5,S
2021-07-19T13:01:09,3400.0,32.5,S
2021-07-19T13:01:09,1200.0,32.5,S
2021-07-19T13:01:09,1100.0,32.5,S
2021-07-19T13:01:09,1100.0,32.5,S
2021-07-19T13:01:09,3000.0,32.5,S
2021-07-19T13:01:09,1400.0,32.5,S
2021-07-19T13:01:09,1300.0,32.5,S
2021-07-19T13:01:09,3600.0,32.5,S
2021-07-19T13:01:09,200.0,32.5,S
2021-07-19T13:01:09,100.0,32.5,S
2021-07-19T13:01:09,20100.0,32.5,S
2021-07-19T13:01:09,200.0,32.55,S
2021-07-19T13:01:09,800.0,32.55,S
2021-07-19T13:01:09,20100.0,32.55,S
2021-07-19T13:01:09,1100.0,32.55,S
2021-07-19T13:01:09,300.0,32.55,S
2021-07-19T13:01:09,2100.0,32.55,S
2021-07-19T13:01:09,600.0,32.55,S
2021-07-19T13:01:09,50100.0,32.55,S
2021-07-19T13:01:09,700.0,32.55,S
2021-07-19T13:01:09,10100.0,32.55,S
2021-07-19T13:01:09,1000.0,32.55,S
2021-07-19T13:01:09,10500.0,32.55,S
2021-07-19T13:01:09,1100.0,32.55,S
2021-07-19T13:01:09,1000.0,32.55,S
2021-07-19T13:01:09,500.0,32.55,S
2021-07-19T13:01:09,1100.0,32.55,S
2021-07-19T13:01:03,200.0,32.6,S
2021-07-19T13:00:59,100.0,32.6,S
2021-07-19T13:00:58,500.0,32.6,S
2021-07-19T13:00:57,1000.0,32.6,S
2021-07-19T13:00:57,1000.0,32.6,S
2021-07-19T13:00:50,2000.0,32.6,S
2021-07-19T13:00:48,17400.0,32.7,B
2021-07-19T13:00:48,10300.0,32.7,B
2021-07-19T13:00:48,100.0,32.7,B
2021-07-19T13:00:48,22400.0,32.7,B
2021-07-19T13:00:45,1000.0,32.6,S
2021-07-19T13:00:45,800.0,32.6,S
2021-07-19T13:00:38,4000.0,32.6,S
2021-07-19T13:00:35,100.0,32.65,B
2021-07-19T13:00:32,2000.0,32.6,S
2021-07-19T13:00:29,3000.0,32.6,S
2021-07-19T13:00:27,500.0,32.65,B
2021-07-19T13:00:27,100.0,32.65,B
2021-07-19T13:00:26,500.0,32.6,S
2021-07-19T13:00:24,20300.0,32.6,S
2021-07-19T13:00:24,2500.0,32.6,S
2021-07-19T13:00:24,1400.0,32.6,S
2021-07-19T13:00:24,25800.0,32.6,S
2021-07-19T13:00:24,500.0,32.65,B
2021-07-19T13:00:23,300.0,32.65,B
2021-07-19T13:00:23,2100.0,32.6,S
2021-07-19T13:00:23,100.0,32.65,B
2021-07-19T13:00:21,200.0,32.65,B
2021-07-19T13:00:21,600.0,32.65,B
2021-07-19T13:00:19,100.0,32.65,B
2021-07-19T13:00:19,100.0,32.65,B
2021-07-19T13:00:15,100.0,32.7,B
2021-07-19T13:00:15,100.0,32.6,S
2021-07-19T13:00:14,500.0,32.6,S
2021-07-19T13:00:14,100.0,32.7,B
2021-07-19T13:00:14,4300.0,32.7,S
2021-07-19T13:00:13,1000.0,32.7,S
2021-07-19T13:00:13,1000.0,32.7,S
2021-07-19T13:00:07,2000.0,32.7,S
2021-07-19T13:00:07,100.0,32.75,B
2021-07-19T13:00:07,200.0,32.75,B
2021-07-19T13:00:07,100.0,32.75,B
2021-07-19T13:00:07,700.0,32.75,B
2021-07-19T13:00:07,2500.0,32.7,S
2021-07-19T11:29:52,400.0,32.75,B
2021-07-19T11:29:52,400.0,32.7,S
2021-07-19T11:29:50,13300.0,32.65,B
2021-07-19T11:29:46,200.0,32.6,S
2021-07-19T11:29:44,400.0,32.6,S
2021-07-19T11:29:44,1200.0,32.6,S
2021-07-19T11:29:44,1400.0,32.6,S
2021-07-19T11:29:44,7000.0,32.6,S
2021-07-19T11:29:43,800.0,32.65,S
2021-07-19T11:29:43,1000.0,32.65,S
2021-07-19T11:29:43,50200.0,32.65,S
2021-07-19T11:29:43,1800.0,32.65,S
2021-07-19T11:29:43,2500.0,32.65,S
2021-07-19T11:29:43,200.0,32.65,S
2021-07-19T11:29:43,16300.0,32.65,S
2021-07-19T11:29:43,100.0,32.7,S
2021-07-19T11:29:43,1400.0,32.7,S
2021-07-19T11:29:43,12400.0,32.7,S
2021-07-19T11:29:39,4700.0,32.7,S
2021-07-19T11:29:34,1000.0,32.75,B
2021-07-19T11:29:33,300.0,32.75,B
2021-07-19T11:29:33,5000.0,32.75,B
2021-07-19T11:29:18,100.0,32.75,S
2021-07-19T11:29:16,10000.0,32.7,S
2021-07-19T11:29:08,100.0,32.75,B
2021-07-19T11:28:59,400.0,32.75,S
2021-07-19T11:28:59,300.0,32.75,S
2021-07-19T11:28:58,9700.0,32.75,S
2021-07-19T11:28:52,100.0,32.75,S
2021-07-19T11:28:49,1000.0,32.75,S
2021-07-19T11:28:44,300.0,32.8,B
2021-07-19T11:28:44,1500.0,32.75,S
2021-07-19T11:28:43,100.0,32.75,S
2021-07-19T11:28:37,1600.0,32.75,S
2021-07-19T11:28:36,5000.0,32.8,B
2021-07-19T11:28:34,1200.0,32.75,S
2021-07-19T11:28:34,2200.0,32.75,S
2021-07-19T11:28:34,1600.0,32.75,S
2021-07-19T11:28:28,1000.0,32.75,S
2021-07-19T11:28:21,200.0,32.75,S
2021-07-19T11:28:17,300.0,32.8,B
2021-07-19T11:28:07,200.0,32.75,S
2021-07-19T11:27:59,400.0,32.75,S
2021-07-19T11:27:54,3000.0,32.75,S
2021-07-19T11:27:51,2000.0,32.8,B
2021-07-19T11:27:47,700.0,32.8,B
2021-07-19T11:27:33,1000.0,32.75,S
2021-07-19T11:27:27,2600.0,32.75,B
2021-07-19T11:27:24,10000.0,32.75,B
2021-07-19T11:27:18,700.0,32.75,B
2021-07-19T11:27:15,5000.0,32.75,B
2021-07-19T11:27:14,400.0,32.75,B
2021-07-19T11:27:06,3000.0,32.75,B
2021-07-19T11:26:59,900.0,32.7,S
2021-07-19T11:26:59,300.0,32.7,S
2021-07-19T11:26:58,2000.0,32.75,B
2021-07-19T11:26:48,1000.0,32.75,B
2021-07-19T11:26:48,700.0,32.75,B
2021-07-19T11:26:43,100.0,32.7,S
2021-07-19T11:26:40,400.0,32.7,S
2021-07-19T11:26:40,1000.0,32.75,B
2021-07-19T11:26:30,500.0,32.7,S
2021-07-19T11:26:29,500.0,32.7,S
2021-07-19T11:26:29,5000.0,32.7,S
2021-07-19T11:26:24,1000.0,32.7,S
2021-07-19T11:26:17,1000.0,32.7,S
2021-07-19T11:26:17,700.0,32.75,B
2021-07-19T11:26:01,5000.0,32.7,S
2021-07-19T11:25:57,1600.0,32.7,S
2021-07-19T11:25:56,700.0,32.7,S
2021-07-19T11:25:47,1000.0,32.75,B
2021-07-19T11:25:47,700.0,32.75,B
2021-07-19T11:25:39,200.0,32.75,S
2021-07-19T11:25:37,3500.0,32.7,S
2021-07-19T11:25:32,300.0,32.75,S
2021-07-19T11:25:17,700.0,32.8,B
2021-07-19T11:25:07,2300.0,32.8,B
2021-07-19T11:25:02,20200.0,32.8,S
2021-07-19T11:25:00,3500.0,32.8,S
2021-07-19T11:24:57,3000.0,32.8,S
2021-07-19T11:24:50,200.0,32.8,S
2021-07-19T11:24:50,1900.0,32.8,S
2021-07-19T11:24:48,700.0,32.85,B
2021-07-19T11:24:44,6300.0,32.8,S
2021-07-19T11:24:24,35100.0,32.7,S
2021-07-19T11:24:24,500.0,32.7,S
2021-07-19T11:24:24,33500.0,32.7,S
2021-07-19T11:24:24,5500.0,32.7,S
2021-07-19T11:24:24,800.0,32.7,S
2021-07-19T11:24:24,200.0,32.7,S
2021-07-19T11:24:24,700.0,32.7,S
2021-07-19T11:24:24,1000.0,32.7,S
2021-07-19T11:24:24,1600.0,32.7,S
2021-07-19T11:24:24,2400.0,32.7,S
2021-07-19T11:24:24,16500.0,32.7,S
2021-07-19T11:24:24,20400.0,32.75,S
2021-07-19T11:24:24,1400.0,32.75,S
2021-07-19T11:24:24,100.0,32.8,S
2021-07-19T11:24:24,1600.0,32.8,S
2021-07-19T11:24:24,51100.0,32.8,S
2021-07-19T11:24:24,3400.0,32.8,S
2021-07-19T11:24:24,5600.0,32.8,S
2021-07-19T11:24:24,1200.0,32.8,S
2021-07-19T11:24:24,10500.0,32.8,S
2021-07-19T11:24:24,2900.0,32.8,S
2021-07-19T11:24:24,1800.0,32.8,S
2021-07-19T11:24:24,7700.0,32.8,S
2021-07-19T11:24:21,4000.0,32.8,S
2021-07-19T11:24:18,700.0,32.85,B
2021-07-19T11:24:17,4000.0,32.8,S
2021-07-19T11:23:55,100.0,32.85,B
2021-07-19T11:23:48,700.0,32.85,B
2021-07-19T11:23:26,700.0,32.85,B
2021-07-19T11:23:22,10000.0,32.8,S
2021-07-19T11:22:59,400.0,32.85,B
2021-07-19T11:22:57,500.0,32.85,B
2021-07-19T11:22:47,700.0,32.85,B
2021-07-19T11:22:46,300.0,32.85,B
2021-07-19T11:22:44,100.0,32.85,B
2021-07-19T11:22:33,500.0,32.85,B
2021-07-19T11:22:17,700.0,32.85,B
2021-07-19T11:22:11,1900.0,32.8,S
2021-07-19T11:22:11,1000.0,32.8,S
2021-07-19T11:22:11,700.0,32.8,S
2021-07-19T11:22:11,100.0,32.8,S
2021-07-19T11:22:11,2300.0,32.8,S
2021-07-19T11:22:07,100.0,32.8,S
2021-07-19T11:21:51,10000.0,32.8,S
2021-07-19T11:21:47,700.0,32.85,B
2021-07-19T11:21:42,12000.0,32.8,S
2021-07-19T11:21:32,100.0,32.85,B
2021-07-19T11:21:17,700.0,32.85,B
2021-07-19T11:20:59,1000.0,32.8,S
2021-07-19T11:20:46,700.0,32.9,B
2021-07-19T11:20:17,700.0,32.9,B
2021-07-19T11:19:49,100.0,32.9,B
2021-07-19T11:19:44,700.0,32.9,B
2021-07-19T11:19:44,50000.0,32.9,B
2021-07-19T11:19:43,57300.0,32.85,S
2021-07-19T11:19:43,800.0,32.85,S
2021-07-19T11:19:43,300.0,32.85,S
2021-07-19T11:19:43,1800.0,32.85,S
2021-07-19T11:19:43,60200.0,32.85,S
2021-07-19T11:19:34,100.0,32.9,B
2021-07-19T11:19:27,500.0,32.9,B
2021-07-19T11:19:16,700.0,32.9,B
2021-07-19T11:19:01,10000.0,32.9,B
2021-07-19T11:18:56,1600.0,32.9,S
2021-07-19T11:18:56,1200.0,32.9,S
2021-07-19T11:18:56,51700.0,32.9,S
2021-07-19T11:18:56,1100.0,32.9,S
2021-07-19T11:18:56,1200.0,32.9,S
2021-07-19T11:18:56,100.0,32.9,S
2021-07-19T11:18:56,1200.0,32.9,S
2021-07-19T11:18:56,2000.0,32.9,S
2021-07-19T11:18:56,51800.0,32.9,S
2021-07-19T11:18:56,2500.0,32.9,S
2021-07-19T11:18:56,100.0,32.9,S
2021-07-19T11:18:56,200.0,32.9,S
2021-07-19T11:18:56,100.0,32.9,S
2021-07-19T11:18:56,1100.0,32.9,S
2021-07-19T11:18:56,700.0,32.9,S
2021-07-19T11:18:56,2000.0,32.9,S
2021-07-19T11:18:56,36700.0,32.9,S
2021-07-19T11:18:54,200.0,32.95,S
2021-07-19T11:18:49,5000.0,32.95,S
2021-07-19T11:18:48,700.0,33.0,B
2021-07-19T11:18:42,1200.0,32.95,S
2021-07-19T11:18:36,1000.0,32.95,S
2021-07-19T11:18:26,4100.0,32.95,S
2021-07-19T11:18:17,5000.0,32.95,S
2021-07-19T11:18:16,700.0,33.0,B
2021-07-19T11:18:06,600.0,32.95,B
2021-07-19T11:18:05,100.0,32.95,B
2021-07-19T11:18:03,14300.0,32.95,S
2021-07-19T11:18:01,100.0,33.0,B
2021-07-19T11:17:58,1000.0,32.95,S
2021-07-19T11:17:56,1000.0,32.95,S
2021-07-19T11:17:46,2000.0,32.95,S
2021-07-19T11:17:46,700.0,33.0,B
2021-07-19T11:17:43,16100.0,32.95,B
2021-07-19T11:17:32,18900.0,32.95,B
2021-07-19T11:17:32,1000.0,32.95,B
2021-07-19T11:17:32,20000.0,32.95,B
2021-07-19T11:17:32,1100.0,32.95,B
2021-07-19T11:17:32,9000.0,32.95,B
2021-07-19T11:17:16,700.0,32.95,B
2021-07-19T11:17:06,1000.0,32.95,B
2021-07-19T11:17:02,1000.0,32.9,S
2021-07-19T11:16:55,100.0,32.9,S
2021-07-19T11:16:55,500.0,32.9,S
2021-07-19T11:16:49,1000.0,32.95,B
2021-07-19T11:16:47,20000.0,32.95,B
2021-07-19T11:16:46,700.0,32.95,B
2021-07-19T11:16:44,2000.0,32.9,S
2021-07-19T11:16:39,1000.0,32.95,B
2021-07-19T11:16:36,6800.0,32.9,S
2021-07-19T11:16:36,500.0,32.9,S
2021-07-19T11:16:36,2700.0,32.9,S
2021-07-19T11:16:33,100.0,32.95,B
2021-07-19T11:16:17,700.0,32.95,B
2021-07-19T11:16:16,6000.0,32.9,S
2021-07-19T11:16:07,100.0,32.95,B
2021-07-19T11:16:04,100.0,32.9,S
2021-07-19T11:15:44,700.0,32.95,B
2021-07-19T11:15:36,300.0,32.95,B
2021-07-19T11:15:18,3000.0,32.95,B
2021-07-19T11:15:15,700.0,32.95,B
2021-07-19T11:15:12,100.0,32.95,B
2021-07-19T11:15:04,900.0,32.95,B
2021-07-19T11:14:46,700.0,32.95,B
2021-07-19T11:14:14,700.0,32.95,B
2021-07-19T11:13:52,700.0,32.95,B
2021-07-19T11:13:49,500.0,32.95,B
2021-07-19T11:13:46,700.0,32.95,B
2021-07-19T11:13:26,500.0,32.95,B
2021-07-19T11:13:15,700.0,32.95,B
2021-07-19T11:12:45,700.0,32.95,B
2021-07-19T11:12:44,200.0,32.95,B
2021-07-19T11:12:41,100.0,32.95,B
2021-07-19T11:12:40,200.0,32.95,B
2021-07-19T11:12:16,1400.0,32.95,B
2021-07-19T11:12:14,700.0,32.95,B
2021-07-19T11:12:12,300.0,32.95,B
2021-07-19T11:11:56,5000.0,32.95,B
2021-07-19T11:11:46,700.0,32.95,B
2021-07-19T11:11:41,1000.0,32.95,B
2021-07-19T11:11:34,15000.0,32.95,B
2021-07-19T11:11:14,700.0,32.95,B
2021-07-19T11:11:09,200.0,32.9,S
2021-07-19T11:11:02,500.0,32.9,S
2021-07-19T11:10:52,200.0,32.9,S
2021-07-19T11:10:44,700.0,32.95,B
2021-07-19T11:10:15,100.0,32.9,S
2021-07-19T11:10:14,700.0,32.95,B
2021-07-19T11:10:13,200.0,32.95,B
2021-07-19T11:09:56,1000.0,32.95,B
2021-07-19T11:09:45,700.0,32.95,B
2021-07-19T11:09:41,500.0,32.95,B
2021-07-19T11:09:35,500.0,32.95,B
2021-07-19T11:09:19,100.0,32.95,B
2021-07-19T11:09:18,4600.0,32.95,B
2021-07-19T11:09:18,1000.0,32.95,S
2021-07-19T11:09:18,24500.0,32.95,S
2021-07-19T11:09:16,700.0,33.0,B
2021-07-19T11:08:44,700.0,33.0,B
2021-07-19T11:08:20,100.0,33.0,B
2021-07-19T11:08:14,700.0,33.0,B
2021-07-19T11:08:04,5000.0,32.95,S
2021-07-19T11:07:44,700.0,33.0,B
2021-07-19T11:07:44,1700.0,33.0,B
2021-07-19T11:07:34,1000.0,33.0,B
2021-07-19T11:07:16,500.0,33.0,B
2021-07-19T11:07:14,700.0,33.0,B
2021-07-19T11:07:09,10000.0,32.95,S
2021-07-19T11:07:06,500.0,33.0,B
2021-07-19T11:07:01,100.0,33.0,B
2021-07-19T11:06:59,900.0,33.0,B
2021-07-19T11:06:54,1000.0,33.0,B
2021-07-19T11:06:44,700.0,33.0,B
2021-07-19T11:06:37,1000.0,32.95,S
2021-07-19T11:06:26,100.0,32.95,S
2021-07-19T11:06:14,700.0,33.0,B
2021-07-19T11:05:56,300.0,33.0,B
2021-07-19T11:05:50,300.0,33.0,B
2021-07-19T11:05:44,700.0,33.0,B
2021-07-19T11:05:32,2000.0,33.0,B
2021-07-19T11:05:14,700.0,33.0,B
2021-07-19T11:05:13,10000.0,32.95,S
2021-07-19T11:05:12,200.0,32.95,S
2021-07-19T11:05:01,100.0,33.0,B
2021-07-19T11:04:44,700.0,33.0,B
2021-07-19T11:04:21,3000.0,33.0,B
2021-07-19T11:04:16,1000.0,33.0,B
2021-07-19T11:04:14,700.0,33.0,B
2021-07-19T11:04:14,1200.0,33.0,B
2021-07-19T11:03:47,8400.0,33.0,B
2021-07-19T11:03:47,200.0,33.0,B
2021-07-19T11:03:47,11400.0,33.0,B
2021-07-19T11:03:44,700.0,33.0,B
2021-07-19T11:03:34,100.0,33.0,B
2021-07-19T11:03:15,700.0,33.0,B
2021-07-19T11:03:10,300.0,33.0,B
2021-07-19T11:02:47,5000.0,33.0,B
2021-07-19T11:02:44,700.0,33.0,B
2021-07-19T11:02:31,900.0,33.0,B
2021-07-19T11:02:13,700.0,33.0,B
2021-07-19T11:02:09,200.0,33.0,B
2021-07-19T11:01:52,2000.0,33.0,B
2021-07-19T11:01:50,2000.0,32.95,S
2021-07-19T11:01:42,700.0,33.0,B
2021-07-19T11:01:28,1600.0,33.0,B
2021-07-19T11:01:28,500.0,33.0,B
2021-07-19T11:01:28,5200.0,33.0,B
2021-07-19T11:01:28,4800.0,33.0,B
2021-07-19T11:01:28,1000.0,33.0,B
2021-07-19T11:01:28,15300.0,33.0,B
2021-07-19T11:01:28,400.0,33.0,B
2021-07-19T11:01:28,8000.0,33.0,B
2021-07-19T11:01:28,6100.0,33.0,B
2021-07-19T11:01:28,1900.0,33.0,B
2021-07-19T11:01:28,2200.0,33.0,B
2021-07-19T11:01:28,3000.0,33.0,B
2021-07-19T11:01:13,700.0,33.0,B
2021-07-19T11:01:00,100.0,32.95,S
2021-07-19T11:00:50,200.0,32.95,B
2021-07-19T11:00:33,1600.0,33.0,B
2021-07-19T11:00:33,1500.0,32.95,B
2021-07-19T11:00:33,900.0,32.95,B
2021-07-19T11:00:26,100.0,32.95,B
2021-07-19T11:00:22,1000.0,32.95,B
2021-07-19T11:00:05,100.0,32.95,B
2021-07-19T11:00:01,100.0,32.95,B
2021-07-19T10:59:26,600.0,32.95,B
2021-07-19T10:59:19,300.0,32.9,S
2021-07-19T10:59:18,500.0,32.9,S
2021-07-19T10:58:54,600.0,32.95,B
2021-07-19T10:58:30,1000.0,32.9,S
2021-07-19T10:58:25,600.0,32.95,B
2021-07-19T10:58:19,500.0,32.9,S
2021-07-19T10:58:00,3000.0,32.95,B
2021-07-19T10:57:54,600.0,32.95,B
2021-07-19T10:57:52,100.0,32.95,B
2021-07-19T10:57:26,600.0,32.95,B
2021-07-19T10:57:16,10600.0,32.95,S
2021-07-19T10:57:16,3300.0,33.0,B
2021-07-19T10:57:16,1500.0,32.95,S
2021-07-19T10:56:56,7500.0,32.95,S
2021-07-19T10:56:56,600.0,33.0,B
2021-07-19T10:56:30,600.0,33.0,B
2021-07-19T10:56:27,200.0,32.95,S
2021-07-19T10:56:25,600.0,33.0,B
2021-07-19T10:56:00,300.0,33.0,B
2021-07-19T10:55:55,600.0,33.0,B
2021-07-19T10:55:49,500.0,32.95,S
2021-07-19T10:55:47,500.0,32.95,S
2021-07-19T10:55:29,1000.0,32.95,S
2021-07-19T10:55:25,600.0,33.0,B
2021-07-19T10:55:24,5000.0,32.95,S
2021-07-19T10:55:22,100.0,32.95,S
2021-07-19T10:55:11,3500.0,32.95,S
2021-07-19T10:55:01,500.0,32.95,S
2021-07-19T10:54:59,1000.0,32.95,S
2021-07-19T10:54:54,600.0,33.0,B
2021-07-19T10:54:54,5000.0,32.95,S
2021-07-19T10:54:37,400.0,32.95,S
2021-07-19T10:54:34,3000.0,32.95,S
2021-07-19T10:54:29,100.0,33.0,B
2021-07-19T10:54:25,600.0,33.0,B
2021-07-19T10:53:54,600.0,33.0,B
2021-07-19T10:53:44,300.0,33.0,B
2021-07-19T10:53:39,100.0,33.0,B
2021-07-19T10:53:34,200.0,32.95,S
2021-07-19T10:53:25,600.0,33.0,B
2021-07-19T10:53:19,100.0,32.95,S
2021-07-19T10:53:03,5000.0,32.95,S
2021-07-19T10:52:55,600.0,33.0,B
2021-07-19T10:52:33,1000.0,32.95,S
2021-07-19T10:52:32,5000.0,32.95,S
2021-07-19T10:52:24,600.0,33.0,B
2021-07-19T10:52:06,200.0,32.95,S
2021-07-19T10:51:56,600.0,33.0,B
2021-07-19T10:51:28,100.0,33.0,B
2021-07-19T10:51:26,600.0,33.0,B
2021-07-19T10:51:14,200.0,33.0,B
2021-07-19T10:50:56,600.0,33.0,B
2021-07-19T10:50:43,1500.0,32.95,S
2021-07-19T10:50:25,5000.0,32.95,S
2021-07-19T10:50:25,600.0,33.0,B
2021-07-19T10:50:18,500.0,33.0,B
2021-07-19T10:50:14,1100.0,33.0,B
2021-07-19T10:50:14,900.0,33.0,B
2021-07-19T10:50:14,100.0,33.0,B
2021-07-19T10:50:08,100.0,32.95,S
2021-07-19T10:50:03,400.0,33.0,B
2021-07-19T10:50:03,200.0,33.0,B
2021-07-19T10:50:02,100.0,33.0,B
2021-07-19T10:49:54,600.0,33.0,B
2021-07-19T10:49:45,100.0,33.0,B
2021-07-19T10:49:31,400.0,33.0,B
2021-07-19T10:49:31,3100.0,33.0,S
2021-07-19T10:49:31,1300.0,33.0,S
2021-07-19T10:49:31,7500.0,33.0,S
2021-07-19T10:49:31,2200.0,33.0,S
2021-07-19T10:49:31,1100.0,33.0,S
2021-07-19T10:49:31,1200.0,33.0,S
2021-07-19T10:49:31,82800.0,33.0,S
2021-07-19T10:49:31,2400.0,33.0,S
2021-07-19T10:49:31,48600.0,33.05,S
2021-07-19T10:49:29,500.0,33.05,S
2021-07-19T10:49:26,200.0,33.05,S
2021-07-19T10:49:26,500.0,33.05,S
2021-07-19T10:49:25,600.0,33.1,B
2021-07-19T10:49:16,500.0,33.05,S
2021-07-19T10:49:06,500.0,33.05,S
2021-07-19T10:48:54,600.0,33.1,B
2021-07-19T10:48:43,1000.0,33.05,S
2021-07-19T10:48:41,1000.0,33.05,S
2021-07-19T10:48:36,1400.0,33.05,S
2021-07-19T10:48:36,1500.0,33.05,S
2021-07-19T10:48:28,1000.0,33.05,S
2021-07-19T10:48:28,8500.0,33.05,S
2021-07-19T10:48:24,600.0,33.1,B
2021-07-19T10:48:19,500.0,33.1,B
2021-07-19T10:48:18,200.0,33.05,S
2021-07-19T10:48:18,1000.0,33.05,S
2021-07-19T10:48:00,1000.0,33.05,S
2021-07-19T10:47:59,500.0,33.05,S
2021-07-19T10:47:57,100.0,33.1,B
2021-07-19T10:47:55,3000.0,33.05,S
2021-07-19T10:47:54,600.0,33.1,B
2021-07-19T10:47:51,1000.0,33.05,S
2021-07-19T10:47:45,100.0,33.05,S
2021-07-19T10:47:42,1000.0,33.05,S
2021-07-19T10:47:38,2000.0,33.1,B
2021-07-19T10:47:34,100.0,33.05,S
2021-07-19T10:47:34,600.0,33.1,B
2021-07-19T10:47:34,800.0,33.1,S
2021-07-19T10:47:34,3900.0,33.1,S
2021-07-19T10:47:34,2200.0,33.1,S
2021-07-19T10:47:34,100.0,33.1,S
2021-07-19T10:47:32,5000.0,33.1,S
2021-07-19T10:47:28,1000.0,33.1,S
2021-07-19T10:47:28,20000.0,33.1,S
2021-07-19T10:47:28,4000.0,33.1,S
2021-07-19T10:47:28,100.0,33.1,S
2021-07-19T10:47:26,10000.0,33.1,S
2021-07-19T10:47:26,20000.0,33.1,S
2021-07-19T10:47:25,600.0,33.15,B
2021-07-19T10:47:23,300.0,33.1,S
2021-07-19T10:47:23,300.0,33.1,S
2021-07-19T10:47:19,100.0,33.1,S
2021-07-19T10:47:19,13000.0,33.1,S
2021-07-19T10:47:17,500.0,33.1,S
2021-07-19T10:47:17,500.0,33.1,S
2021-07-19T10:47:14,1000.0,33.1,S
2021-07-19T10:47:09,5000.0,33.1,S
2021-07-19T10:46:56,1500.0,33.1,S
2021-07-19T10:46:54,600.0,33.15,B
2021-07-19T10:46:53,500.0,33.1,S
2021-07-19T10:46:50,100.0,33.1,S
2021-07-19T10:46:42,3000.0,33.1,S
2021-07-19T10:46:32,3000.0,33.1,S
2021-07-19T10:46:26,1000.0,33.1,S
2021-07-19T10:46:24,600.0,33.15,B
2021-07-19T10:46:21,5000.0,33.15,B
2021-07-19T10:46:19,100.0,33.1,S
2021-07-19T10:46:08,200.0,33.15,B
2021-07-19T10:46:08,2100.0,33.15,B
2021-07-19T10:46:06,2000.0,33.1,S
2021-07-19T10:45:55,600.0,33.15,B
2021-07-19T10:45:55,300.0,33.1,S
2021-07-19T10:45:50,200.0,33.1,S
2021-07-19T10:45:48,100.0,33.1,S
2021-07-19T10:45:42,100.0,33.1,S
2021-07-19T10:45:36,500.0,33.15,B
2021-07-19T10:45:30,1000.0,33.15,B
2021-07-19T10:45:30,300.0,33.1,S
2021-07-19T10:45:26,10000.0,33.1,S
2021-07-19T10:45:26,100.0,33.1,S
2021-07-19T10:45:26,400.0,33.15,B
2021-07-19T10:45:24,600.0,33.15,B
2021-07-19T10:45:20,100.0,33.1,S
2021-07-19T10:44:58,500.0,33.1,S
2021-07-19T10:44:55,400.0,33.15,B
2021-07-19T10:44:54,600.0,33.15,B
2021-07-19T10:44:52,1000.0,33.15,B
2021-07-19T10:44:46,500.0,33.1,S
2021-07-19T10:44:45,1000.0,33.15,B
2021-07-19T10:44:37,100.0,33.1,S
2021-07-19T10:44:37,200.0,33.1,S
2021-07-19T10:44:33,15600.0,33.15,B
2021-07-19T10:44:33,900.0,33.15,B
2021-07-19T10:44:33,3500.0,33.15,B
2021-07-19T10:44:26,10000.0,33.15,B
2021-07-19T10:44:24,600.0,33.15,B
2021-07-19T10:44:24,5900.0,33.15,B
2021-07-19T10:44:23,400.0,33.1,S
2021-07-19T10:44:22,500.0,33.15,B
2021-07-19T10:44:19,1000.0,33.15,B
2021-07-19T10:43:53,600.0,33.15,B
2021-07-19T10:43:52,100.0,33.1,S
2021-07-19T10:43:49,300.0,33.1,S
2021-07-19T10:43:40,100.0,33.15,B
2021-07-19T10:43:40,2000.0,33.1,S
2021-07-19T10:43:35,100.0,33.1,S
2021-07-19T10:43:25,600.0,33.15,B
2021-07-19T10:43:15,2000.0,33.1,S
2021-07-19T10:43:14,400.0,33.15,B
2021-07-19T10:43:10,1000.0,33.15,B
2021-07-19T10:42:56,100.0,33.15,B
2021-07-19T10:42:55,2000.0,33.15,B
2021-07-19T10:42:54,600.0,33.15,B
2021-07-19T10:42:53,1700.0,33.15,B
2021-07-19T10:42:53,300.0,33.15,B
2021-07-19T10:42:53,8000.0,33.15,B
2021-07-19T10:42:52,100.0,33.15,B
2021-07-19T10:42:51,200.0,33.15,B
2021-07-19T10:42:44,6300.0,33.15,B
2021-07-19T10:42:39,2000.0,33.15,B
2021-07-19T10:42:31,100.0,33.1,S
2021-07-19T10:42:29,100.0,33.15,B
2021-07-19T10:42:24,600.0,33.15,B
2021-07-19T10:42:21,500.0,33.1,S
2021-07-19T10:42:20,4000.0,33.1,S
2021-07-19T10:42:15,1000.0,33.1,S
2021-07-19T10:42:11,1000.0,33.1,S
2021-07-19T10:42:05,100.0,33.1,S
2021-07-19T10:41:59,1000.0,33.1,B
2021-07-19T10:41:54,600.0,33.1,B
2021-07-19T10:41:49,1000.0,33.0,S
2021-07-19T10:41:44,400.0,33.1,B
2021-07-19T10:41:25,600.0,33.15,B
2021-07-19T10:41:18,100.0,33.05,S
2021-07-19T10:41:10,7700.0,33.15,B
2021-07-19T10:41:08,13100.0,33.05,S
2021-07-19T10:40:55,500.0,33.05,S
2021-07-19T10:40:53,600.0,33.15,B
2021-07-19T10:40:51,300.0,33.05,S
2021-07-19T10:40:49,2000.0,33.15,B
2021-07-19T10:40:40,300.0,33.05,S
2021-07-19T10:40:36,100.0,33.1,B
2021-07-19T10:40:35,600.0,33.1,B
2021-07-19T10:40:35,3200.0,33.1,B
2021-07-19T10:40:35,20400.0,33.1,B
2021-07-19T10:40:35,2000.0,33.1,B
2021-07-19T10:40:35,5400.0,33.1,B
2021-07-19T10:40:35,4500.0,33.1,B
2021-07-19T10:40:35,3100.0,33.1,B
2021-07-19T10:40:35,2100.0,33.1,B
2021-07-19T10:40:35,16200.0,33.1,B
2021-07-19T10:40:33,1000.0,33.05,B
2021-07-19T10:40:25,600.0,33.05,B
2021-07-19T10:40:22,1000.0,33.05,B
2021-07-19T10:40:20,100.0,33.05,B
2021-07-19T10:40:14,400.0,33.05,B
2021-07-19T10:40:14,4600.0,33.05,B
2021-07-19T10:40:14,300.0,33.0,S
2021-07-19T10:39:59,300.0,33.0,S
2021-07-19T10:39:54,600.0,33.05,B
2021-07-19T10:39:53,500.0,33.0,S
2021-07-19T10:39:52,300.0,33.0,B
2021-07-19T10:39:52,5000.0,33.0,B
2021-07-19T10:39:52,2000.0,33.0,B
2021-07-19T10:39:52,700.0,33.0,B
2021-07-19T10:39:52,3100.0,33.0,B
2021-07-19T10:39:52,2200.0,33.0,B
2021-07-19T10:39:52,1500.0,33.0,B
2021-07-19T10:39:52,3300.0,33.0,B
2021-07-19T10:39:52,13300.0,33.0,B
2021-07-19T10:39:52,5400.0,33.0,B
2021-07-19T10:39:50,100.0,33.0,B
2021-07-19T10:39:48,8100.0,32.95,S
2021-07-19T10:39:48,1900.0,32.95,S
2021-07-19T10:39:44,3000.0,33.0,B
2021-07-19T10:39:44,3000.0,33.0,B
2021-07-19T10:39:44,2000.0,33.0,B
2021-07-19T10:39:41,2000.0,33.0,B
2021-07-19T10:39:41,100.0,33.0,B
2021-07-19T10:39:32,800.0,33.0,B
2021-07-19T10:39:30,100.0,32.95,S
2021-07-19T10:39:30,2000.0,33.0,B
2021-07-19T10:39:27,1000.0,33.0,B
2021-07-19T10:39:25,600.0,33.0,B
2021-07-19T10:39:24,500.0,33.0,B
2021-07-19T10:39:20,3200.0,33.0,B
2021-07-19T10:39:20,800.0,33.0,B
2021-07-19T10:39:20,400.0,33.0,B
2021-07-19T10:39:20,10000.0,33.0,B
2021-07-19T10:39:20,700.0,33.0,B
2021-07-19T10:39:20,6300.0,33.0,B
2021-07-19T10:39:20,100.0,33.0,B
2021-07-19T10:39:20,3000.0,33.0,B
2021-07-19T10:39:20,7600.0,33.0,B
2021-07-19T10:39:20,30800.0,33.0,B
2021-07-19T10:39:20,3400.0,33.0,B
2021-07-19T10:39:20,3000.0,33.0,B
2021-07-19T10:39:20,5400.0,33.0,B
2021-07-19T10:39:20,11300.0,33.0,B
2021-07-19T10:39:20,100.0,33.0,B
2021-07-19T10:39:20,200.0,33.0,B
2021-07-19T10:39:20,1200.0,33.0,B
2021-07-19T10:39:20,12500.0,33.0,B
2021-07-19T10:39:19,300.0,33.0,B
2021-07-19T10:39:16,200.0,33.0,B
2021-07-19T10:39:08,3000.0,33.0,B
2021-07-19T10:38:59,300.0,33.0,B
2021-07-19T10:38:54,600.0,33.0,B
2021-07-19T10:38:53,600.0,32.95,S
2021-07-19T10:38:44,500.0,33.0,B
2021-07-19T10:38:42,100.0,33.0,B
2021-07-19T10:38:36,1000.0,33.0,B
2021-07-19T10:38:24,2400.0,33.0,B
2021-07-19T10:38:24,2500.0,33.0,B
2021-07-19T10:38:24,2900.0,33.0,B
2021-07-19T10:38:24,1100.0,33.0,B
2021-07-19T10:38:24,1600.0,33.0,B
2021-07-19T10:38:24,200.0,33.0,B
2021-07-19T10:38:24,400.0,33.0,B
2021-07-19T10:38:22,900.0,32.95,S
2021-07-19T10:38:11,200.0,33.0,B
2021-07-19T10:37:54,500.0,33.0,B
2021-07-19T10:37:54,500.0,32.95,S
2021-07-19T10:37:53,600.0,33.0,B
2021-07-19T10:37:53,2000.0,33.0,B
2021-07-19T10:37:49,500.0,33.0,B
2021-07-19T10:37:36,100.0,33.0,B
2021-07-19T10:37:25,600.0,33.0,B
2021-07-19T10:37:20,2000.0,32.95,S
2021-07-19T10:37:19,3800.0,33.0,B
2021-07-19T10:37:19,100.0,33.0,B
2021-07-19T10:37:19,1100.0,33.0,B
2021-07-19T10:37:14,200.0,32.95,S
2021-07-19T10:37:14,500.0,33.0,B
2021-07-19T10:37:12,200.0,32.95,S
2021-07-19T10:36:54,100.0,32.95,S
2021-07-19T10:36:54,600.0,33.0,B
2021-07-19T10:36:45,500.0,32.95,S
2021-07-19T10:36:43,1000.0,33.0,B
2021-07-19T10:36:27,2000.0,32.95,S
2021-07-19T10:36:23,600.0,33.0,B
2021-07-19T10:35:59,500.0,32.95,S
2021-07-19T10:35:55,600.0,33.0,B
2021-07-19T10:35:37,2000.0,32.95,B
2021-07-19T10:35:37,1800.0,32.95,B
2021-07-19T10:35:37,1300.0,32.95,B
2021-07-19T10:35:37,1700.0,32.95,B
2021-07-19T10:35:37,1600.0,32.95,B
2021-07-19T10:35:23,600.0,32.95,B
2021-07-19T10:34:58,200.0,32.95,B
2021-07-19T10:34:57,300.0,32.95,B
2021-07-19T10:34:50,600.0,32.95,B
2021-07-19T10:34:43,900.0,32.95,B
2021-07-19T10:34:30,2000.0,32.95,B
2021-07-19T10:34:27,2000.0,32.95,B
2021-07-19T10:34:22,600.0,32.95,B
2021-07-19T10:34:19,500.0,32.95,S
2021-07-19T10:33:54,600.0,33.0,B
2021-07-19T10:33:50,500.0,32.95,S
2021-07-19T10:33:35,1000.0,32.95,S
2021-07-19T10:33:32,800.0,32.95,B
2021-07-19T10:33:32,2500.0,32.95,B
2021-07-19T10:33:32,2900.0,32.95,B
2021-07-19T10:33:32,100.0,32.95,B
2021-07-19T10:33:32,200.0,32.95,B
2021-07-19T10:33:30,1000.0,32.95,B
2021-07-19T10:33:22,600.0,32.95,B
2021-07-19T10:33:17,1000.0,32.95,B
2021-07-19T10:33:16,2000.0,32.95,B
2021-07-19T10:33:06,500.0,32.9,S
2021-07-19T10:32:58,100.0,32.9,S
2021-07-19T10:32:54,600.0,32.95,B
2021-07-19T10:32:53,500.0,32.9,S
2021-07-19T10:32:48,2000.0,32.9,S
2021-07-19T10:32:39,500.0,32.95,B
2021-07-19T10:32:34,100.0,32.95,B
2021-07-19T10:32:22,600.0,32.95,B
2021-07-19T10:32:21,100.0,32.95,B
2021-07-19T10:32:14,800.0,32.95,B
2021-07-19T10:32:10,200.0,32.9,S
2021-07-19T10:32:00,100.0,32.95,B
2021-07-19T10:31:56,700.0,32.9,S
2021-07-19T10:31:52,900.0,32.95,B
2021-07-19T10:31:41,1500.0,32.95,B
2021-07-19T10:31:35,1200.0,32.9,S
2021-07-19T10:31:35,5800.0,32.9,S
2021-07-19T10:31:23,600.0,32.95,B
2021-07-19T10:31:22,100.0,32.9,S
2021-07-19T10:31:20,200.0,32.9,S
2021-07-19T10:31:11,2100.0,32.9,S
2021-07-19T10:31:10,1100.0,32.95,S
2021-07-19T10:31:01,10000.0,32.9,S
2021-07-19T10:30:53,600.0,33.0,B
2021-07-19T10:30:50,100.0,33.0,B
2021-07-19T10:30:34,100.0,33.0,B
2021-07-19T10:30:31,2000.0,33.0,B
2021-07-19T10:30:29,500.0,33.0,B
2021-07-19T10:30:22,600.0,33.0,B
2021-07-19T10:30:21,1500.0,32.95,S
2021-07-19T10:30:13,1000.0,32.95,S
2021-07-19T10:29:49,500.0,32.95,S
2021-07-19T10:29:21,500.0,32.95,S
2021-07-19T10:29:17,3000.0,32.95,S
2021-07-19T10:29:13,1000.0,32.95,S
2021-07-19T10:29:11,500.0,32.95,S
2021-07-19T10:29:06,5000.0,33.0,B
2021-07-19T10:29:03,300.0,32.95,S
2021-07-19T10:28:30,3000.0,32.9,S
2021-07-19T10:28:16,1000.0,32.95,S
2021-07-19T10:28:08,100.0,32.95,S
2021-07-19T10:28:06,700.0,33.0,B
2021-07-19T10:28:05,100.0,33.0,B
2021-07-19T10:27:54,100.0,33.0,B
2021-07-19T10:27:41,700.0,33.0,B
2021-07-19T10:27:41,1300.0,32.95,B
2021-07-19T10:27:39,500.0,32.95,B
2021-07-19T10:27:38,300.0,32.95,B
2021-07-19T10:27:36,700.0,32.95,B
2021-07-19T10:27:35,3000.0,32.95,B
2021-07-19T10:27:31,200.0,32.9,S
2021-07-19T10:27:22,100.0,32.9,S
2021-07-19T10:27:05,700.0,32.95,B
2021-07-19T10:26:57,100.0,32.95,B
2021-07-19T10:26:52,600.0,32.95,B
2021-07-19T10:26:52,800.0,32.95,B
2021-07-19T10:26:52,100.0,32.95,B
2021-07-19T10:26:48,300.0,32.95,B
2021-07-19T10:26:44,100.0,32.9,S
2021-07-19T10:26:36,700.0,32.95,B
2021-07-19T10:26:34,500.0,32.95,B
2021-07-19T10:26:11,200.0,32.95,B
2021-07-19T10:26:07,700.0,32.95,B
2021-07-19T10:25:55,800.0,32.9,B
2021-07-19T10:25:55,6600.0,32.9,B
2021-07-19T10:25:53,800.0,32.9,B
2021-07-19T10:25:38,200.0,32.9,B
2021-07-19T10:25:35,700.0,32.9,B
2021-07-19T10:25:32,2200.0,32.9,B
2021-07-19T10:25:25,1600.0,32.9,B
2021-07-19T10:25:25,100.0,32.9,B
2021-07-19T10:25:25,300.0,32.9,B
2021-07-19T10:25:19,500.0,32.85,S
2021-07-19T10:25:15,100.0,32.85,S
2021-07-19T10:25:07,700.0,32.9,B
2021-07-19T10:24:42,100.0,32.85,S
2021-07-19T10:24:36,100.0,32.85,S
2021-07-19T10:24:35,700.0,32.9,B
2021-07-19T10:24:34,1900.0,32.85,B
2021-07-19T10:24:24,100.0,32.85,B
2021-07-19T10:24:06,1300.0,32.85,B
2021-07-19T10:24:06,500.0,32.85,B
2021-07-19T10:24:06,3000.0,32.85,B
2021-07-19T10:24:06,700.0,32.85,B
2021-07-19T10:24:04,100.0,32.85,B
2021-07-19T10:23:58,100.0,32.85,B
2021-07-19T10:23:55,14400.0,32.85,B
2021-07-19T10:23:52,100.0,32.85,B
2021-07-19T10:23:52,6000.0,32.85,B
2021-07-19T10:23:49,100.0,32.85,B
2021-07-19T10:23:46,100.0,32.8,S
2021-07-19T10:23:42,20000.0,32.85,B
2021-07-19T10:23:41,1500.0,32.8,S
2021-07-19T10:23:40,100.0,32.8,S
2021-07-19T10:23:38,3000.0,32.85,B
2021-07-19T10:23:35,700.0,32.85,B
2021-07-19T10:23:16,200.0,32.8,S
2021-07-19T10:23:10,300.0,32.8,S
2021-07-19T10:23:06,8600.0,32.8,B
2021-07-19T10:23:06,300.0,32.8,B
2021-07-19T10:23:05,400.0,32.8,B
2021-07-19T10:22:51,100.0,32.75,S
2021-07-19T10:22:34,700.0,32.8,B
2021-07-19T10:22:32,1900.0,32.8,B
2021-07-19T10:22:32,900.0,32.8,B
2021-07-19T10:22:32,200.0,32.8,B
2021-07-19T10:22:32,7000.0,32.8,B
2021-07-19T10:22:27,8800.0,32.8,B
2021-07-19T10:22:27,4500.0,32.8,B
2021-07-19T10:22:27,1500.0,32.8,B
2021-07-19T10:22:27,5200.0,32.8,B
2021-07-19T10:22:06,700.0,32.8,B
2021-07-19T10:22:05,2000.0,32.75,S
2021-07-19T10:21:59,8600.0,32.8,B
2021-07-19T10:21:59,2500.0,32.8,B
2021-07-19T10:21:59,8900.0,32.8,B
2021-07-19T10:21:35,700.0,32.8,B
2021-07-19T10:21:19,8000.0,32.75,S
2021-07-19T10:21:17,5000.0,32.75,S
2021-07-19T10:21:13,1500.0,32.75,S
2021-07-19T10:21:06,700.0,32.8,B
2021-07-19T10:20:57,800.0,32.75,S
2021-07-19T10:20:49,500.0,32.75,S
2021-07-19T10:20:38,800.0,32.75,S
2021-07-19T10:20:38,4200.0,32.75,S
2021-07-19T10:20:36,30000.0,32.75,S
2021-07-19T10:20:36,10000.0,32.75,S
2021-07-19T10:20:34,700.0,32.8,B
2021-07-19T10:20:28,10000.0,32.75,S
2021-07-19T10:20:18,200.0,32.75,S
2021-07-19T10:20:05,700.0,32.8,B
2021-07-19T10:19:59,800.0,32.75,S
2021-07-19T10:19:59,100.0,32.75,S
2021-07-19T10:19:47,5000.0,32.75,S
2021-07-19T10:19:45,1000.0,32.75,S
2021-07-19T10:19:35,800.0,32.75,S
2021-07-19T10:19:24,600.0,32.8,B
2021-07-19T10:19:16,1000.0,32.8,B
2021-07-19T10:19:05,300.0,32.75,S
2021-07-19T10:19:04,700.0,32.8,B
2021-07-19T10:19:00,10000.0,32.75,S
2021-07-19T10:18:54,200.0,32.75,S
2021-07-19T10:18:50,500.0,32.8,B
2021-07-19T10:18:34,700.0,32.8,B
2021-07-19T10:18:34,200.0,32.8,B
2021-07-19T10:18:32,200.0,32.8,B
2021-07-19T10:18:16,1000.0,32.8,B
2021-07-19T10:18:05,500.0,32.8,B
2021-07-19T10:18:05,2000.0,32.8,B
2021-07-19T10:18:04,700.0,32.8,B
2021-07-19T10:18:04,200.0,32.8,B
2021-07-19T10:18:01,100.0,32.8,B
2021-07-19T10:17:48,1000.0,32.8,B
2021-07-19T10:17:38,100.0,32.8,B
2021-07-19T10:17:35,700.0,32.8,B
2021-07-19T10:17:34,100.0,32.8,B
2021-07-19T10:17:19,1000.0,32.8,B
2021-07-19T10:17:05,700.0,32.8,B
2021-07-19T10:17:00,500.0,32.8,B
2021-07-19T10:16:54,200.0,32.8,B
2021-07-19T10:16:49,100.0,32.8,B
2021-07-19T10:16:47,500.0,32.8,B
2021-07-19T10:16:44,300.0,32.8,B
2021-07-19T10:16:43,100.0,32.8,B
2021-07-19T10:16:43,100.0,32.8,B
2021-07-19T10:16:42,300.0,32.8,B
2021-07-19T10:16:37,500.0,32.8,B
2021-07-19T10:16:36,100.0,32.8,B
2021-07-19T10:16:36,700.0,32.8,B
2021-07-19T10:16:26,4800.0,32.8,B
2021-07-19T10:16:20,200.0,32.8,B
2021-07-19T10:16:10,5000.0,32.8,B
2021-07-19T10:16:03,1500.0,32.8,B
2021-07-19T10:15:59,400.0,32.75,S
2021-07-19T10:15:44,2000.0,32.8,B
2021-07-19T10:15:41,14600.0,32.8,B
2021-07-19T10:15:38,100.0,32.8,B
2021-07-19T10:15:21,100.0,32.75,S
2021-07-19T10:15:17,500.0,32.8,B
2021-07-19T10:15:12,200.0,32.8,B
2021-07-19T10:15:02,100.0,32.8,B
2021-07-19T10:15:00,6100.0,32.75,B
2021-07-19T10:14:59,600.0,32.7,S
2021-07-19T10:14:55,400.0,32.7,S
2021-07-19T10:14:48,100.0,32.7,S
2021-07-19T10:14:48,3400.0,32.75,B
2021-07-19T10:14:48,200.0,32.75,B
2021-07-19T10:14:48,16400.0,32.75,B
2021-07-19T10:14:41,23000.0,32.75,B
2021-07-19T10:14:41,200.0,32.75,B
2021-07-19T10:14:40,5000.0,32.75,B
2021-07-19T10:14:22,300.0,32.7,B
2021-07-19T10:14:21,700.0,32.7,S
2021-07-19T10:14:14,200.0,32.7,S
2021-07-19T10:14:11,200.0,32.75,B
2021-07-19T10:14:08,50000.0,32.75,B
2021-07-19T10:13:52,10500.0,32.75,B
2021-07-19T10:13:45,50000.0,32.75,B
2021-07-19T10:13:44,4000.0,32.7,B
2021-07-19T10:13:43,200.0,32.7,B
2021-07-19T10:13:39,700.0,32.7,B
2021-07-19T10:13:39,500.0,32.7,B
2021-07-19T10:13:39,2000.0,32.7,B
2021-07-19T10:13:39,34700.0,32.7,B
2021-07-19T10:13:39,62100.0,32.7,B
2021-07-19T10:13:39,1000.0,32.65,S
2021-07-19T10:13:17,200.0,32.7,B
2021-07-19T10:13:13,1000.0,32.65,S
2021-07-19T10:13:12,2000.0,32.65,S
2021-07-19T10:13:09,200.0,32.7,B
2021-07-19T10:13:09,2000.0,32.7,B
2021-07-19T10:12:39,200.0,32.7,B
2021-07-19T10:12:36,200.0,32.7,B
2021-07-19T10:12:21,100.0,32.7,B
2021-07-19T10:12:10,200.0,32.7,B
2021-07-19T10:11:41,200.0,32.7,B
2021-07-19T10:11:36,26700.0,32.65,S
2021-07-19T10:11:36,17900.0,32.65,B
2021-07-19T10:11:35,4000.0,32.65,B
2021-07-19T10:11:11,200.0,32.65,B
2021-07-19T10:11:08,300.0,32.6,S
2021-07-19T10:10:57,400.0,32.6,B
2021-07-19T10:10:55,100.0,32.55,S
2021-07-19T10:10:45,900.0,32.55,S
2021-07-19T10:10:41,200.0,32.6,B
2021-07-19T10:10:32,1000.0,32.55,S
2021-07-19T10:10:27,1000.0,32.55,S
2021-07-19T10:10:17,2000.0,32.55,S
2021-07-19T10:10:17,500.0,32.6,S
2021-07-19T10:10:15,700.0,32.65,B
2021-07-19T10:10:11,6100.0,32.6,B
2021-07-19T10:10:11,3400.0,32.6,B
2021-07-19T10:10:11,1200.0,32.6,B
2021-07-19T10:10:11,2200.0,32.6,B
2021-07-19T10:10:11,10100.0,32.6,B
2021-07-19T10:10:11,5100.0,32.6,B
2021-07-19T10:10:11,200.0,32.6,B
2021-07-19T10:10:06,300.0,32.55,S
2021-07-19T10:10:05,2000.0,32.6,B
2021-07-19T10:10:04,100.0,32.55,S
2021-07-19T10:10:02,100.0,32.6,B
2021-07-19T10:10:00,100.0,32.55,S
2021-07-19T10:09:56,100.0,32.6,B
2021-07-19T10:09:45,1000.0,32.55,S
2021-07-19T10:09:41,200.0,32.6,B
2021-07-19T10:09:19,200.0,32.6,B
2021-07-19T10:09:13,1000.0,32.55,S
2021-07-19T10:09:09,200.0,32.6,B
2021-07-19T10:09:03,900.0,32.6,B
2021-07-19T10:09:02,300.0,32.6,B
2021-07-19T10:09:02,200.0,32.55,S
2021-07-19T10:08:59,800.0,32.6,S
2021-07-19T10:08:57,300.0,32.6,S
2021-07-19T10:08:50,900.0,32.6,B
2021-07-19T10:08:43,1300.0,32.55,S
2021-07-19T10:08:43,13200.0,32.55,S
2021-07-19T10:08:42,200.0,32.6,B
2021-07-19T10:08:39,100.0,32.6,B
2021-07-19T10:08:36,800.0,32.6,S
2021-07-19T10:08:26,1000.0,32.6,B
2021-07-19T10:08:24,1000.0,32.6,B
2021-07-19T10:08:23,100.0,32.6,B
2021-07-19T10:08:14,2900.0,32.6,S
2021-07-19T10:08:09,200.0,32.65,B
2021-07-19T10:08:07,1000.0,32.6,S
2021-07-19T10:08:01,600.0,32.6,B
2021-07-19T10:08:01,300.0,32.6,B
2021-07-19T10:08:01,13200.0,32.55,S
2021-07-19T10:08:01,1200.0,32.6,S
2021-07-19T10:08:00,8900.0,32.6,S
2021-07-19T10:07:59,2000.0,32.6,S
2021-07-19T10:07:50,5000.0,32.6,S
2021-07-19T10:07:50,5000.0,32.6,S
2021-07-19T10:07:50,100.0,32.6,B
2021-07-19T10:07:50,2600.0,32.6,B
2021-07-19T10:07:42,200.0,32.6,B
2021-07-19T10:07:32,300.0,32.6,B
2021-07-19T10:07:30,1000.0,32.6,B
2021-07-19T10:07:28,100.0,32.6,B
2021-07-19T10:07:26,10000.0,32.55,S
2021-07-19T10:07:16,400.0,32.6,B
2021-07-19T10:07:16,500.0,32.6,B
2021-07-19T10:07:13,800.0,32.6,B
2021-07-19T10:07:12,100.0,32.6,B
2021-07-19T10:07:11,200.0,32.6,B
2021-07-19T10:07:09,100.0,32.6,B
2021-07-19T10:07:05,100.0,32.6,B
2021-07-19T10:07:00,100.0,32.6,B
2021-07-19T10:06:54,200.0,32.6,B
2021-07-19T10:06:53,500.0,32.6,B
2021-07-19T10:06:50,8000.0,32.6,S
2021-07-19T10:06:45,400.0,32.6,S
2021-07-19T10:06:45,5600.0,32.6,S
2021-07-19T10:06:45,1200.0,32.6,S
2021-07-19T10:06:45,200.0,32.6,S
2021-07-19T10:06:45,500.0,32.6,S
2021-07-19T10:06:45,1700.0,32.6,S
2021-07-19T10:06:45,100.0,32.6,S
2021-07-19T10:06:45,5300.0,32.6,S
2021-07-19T10:06:45,300.0,32.6,S
2021-07-19T10:06:44,4000.0,32.6,S
2021-07-19T10:06:42,500.0,32.6,S
2021-07-19T10:06:41,200.0,32.65,B
2021-07-19T10:06:29,1300.0,32.6,S
2021-07-19T10:06:29,2900.0,32.6,S
2021-07-19T10:06:29,200.0,32.6,S
2021-07-19T10:06:29,1000.0,32.6,S
2021-07-19T10:06:29,4600.0,32.6,S
2021-07-19T10:06:27,500.0,32.6,S
2021-07-19T10:06:25,2500.0,32.6,S
2021-07-19T10:06:23,100.0,32.65,B
2021-07-19T10:06:11,10000.0,32.6,S
2021-07-19T10:06:11,200.0,32.65,B
2021-07-19T10:06:08,100.0,32.65,B
2021-07-19T10:05:58,400.0,32.65,B
2021-07-19T10:05:45,2000.0,32.6,S
2021-07-19T10:05:41,200.0,32.65,B
2021-07-19T10:05:41,5000.0,32.65,B
2021-07-19T10:05:40,500.0,32.6,S
2021-07-19T10:05:31,100.0,32.65,B
2021-07-19T10:05:28,200.0,32.65,B
2021-07-19T10:05:09,200.0,32.65,B
2021-07-19T10:04:55,200.0,32.6,S
2021-07-19T10:04:53,5000.0,32.6,S
2021-07-19T10:04:50,200.0,32.65,B
2021-07-19T10:04:45,300.0,32.6,S
2021-07-19T10:04:43,20000.0,32.65,B
2021-07-19T10:04:40,1900.0,32.65,B
2021-07-19T10:04:40,200.0,32.65,B
2021-07-19T10:04:31,800.0,32.65,B
2021-07-19T10:04:22,500.0,32.65,B
2021-07-19T10:04:21,600.0,32.65,B
2021-07-19T10:04:12,400.0,32.65,B
2021-07-19T10:04:10,200.0,32.65,B
2021-07-19T10:04:04,1500.0,32.65,B
2021-07-19T10:03:55,800.0,32.65,S
2021-07-19T10:03:55,1000.0,32.7,B
2021-07-19T10:03:51,100.0,32.65,S
2021-07-19T10:03:41,200.0,32.7,B
2021-07-19T10:03:35,500.0,32.65,S
2021-07-19T10:03:24,500.0,32.65,S
2021-07-19T10:03:21,500.0,32.7,B
2021-07-19T10:03:10,200.0,32.7,B
2021-07-19T10:02:54,3000.0,32.7,B
2021-07-19T10:02:40,200.0,32.7,B
2021-07-19T10:02:37,600.0,32.65,S
2021-07-19T10:02:35,500.0,32.65,B
2021-07-19T10:02:33,5000.0,32.65,B
2021-07-19T10:02:29,200.0,32.65,B
2021-07-19T10:02:28,100.0,32.65,B
2021-07-19T10:02:20,100.0,32.65,B
2021-07-19T10:02:18,100.0,32.65,B
2021-07-19T10:02:15,2000.0,32.65,B
2021-07-19T10:02:11,100.0,32.65,B
2021-07-19T10:02:10,400.0,32.65,B
2021-07-19T10:02:10,200.0,32.65,B
2021-07-19T10:02:09,1000.0,32.65,B
2021-07-19T10:02:05,3000.0,32.65,B
2021-07-19T10:02:05,100.0,32.65,B
2021-07-19T10:01:54,5000.0,32.65,B
2021-07-19T10:01:47,100.0,32.65,B
2021-07-19T10:01:41,5300.0,32.6,S
2021-07-19T10:01:41,200.0,32.65,B
2021-07-19T10:01:27,1200.0,32.6,S
2021-07-19T10:01:24,2000.0,32.6,S
2021-07-19T10:01:24,200.0,32.6,S
2021-07-19T10:01:06,1100.0,32.6,B
2021-07-19T10:01:06,200.0,32.6,B
2021-07-19T10:01:06,16900.0,32.6,B
2021-07-19T10:01:05,3000.0,32.55,S
2021-07-19T10:01:02,100.0,32.6,B
2021-07-19T10:00:55,400.0,32.6,B
2021-07-19T10:00:53,100.0,32.6,B
2021-07-19T10:00:53,1100.0,32.6,B
2021-07-19T10:00:44,500.0,32.6,B
2021-07-19T10:00:41,200.0,32.6,B
2021-07-19T10:00:35,100.0,32.6,B
2021-07-19T10:00:33,100.0,32.6,B
2021-07-19T10:00:33,100.0,32.55,S
2021-07-19T10:00:17,2000.0,32.6,B
2021-07-19T10:00:16,2000.0,32.55,S
2021-07-19T10:00:15,2000.0,32.6,B
2021-07-19T10:00:14,6000.0,32.6,B
2021-07-19T10:00:02,300.0,32.6,B
2021-07-19T10:00:02,100.0,32.6,B
2021-07-19T10:00:00,1000.0,32.6,B
2021-07-19T09:59:41,100.0,32.6,B
2021-07-19T09:59:39,200.0,32.6,B
2021-07-19T09:59:33,1000.0,32.55,S
2021-07-19T09:59:24,2000.0,32.6,B
2021-07-19T09:59:12,100.0,32.6,B
2021-07-19T09:59:04,200.0,32.6,B
2021-07-19T09:59:02,100.0,32.6,B
2021-07-19T09:58:57,700.0,32.6,S
2021-07-19T09:58:57,900.0,32.6,S
2021-07-19T09:58:57,20100.0,32.6,S
2021-07-19T09:58:49,1200.0,32.6,S
2021-07-19T09:58:19,14400.0,32.6,S
2021-07-19T09:58:19,100.0,32.6,S
2021-07-19T09:58:19,1100.0,32.6,S
2021-07-19T09:58:19,1400.0,32.6,S
2021-07-19T09:58:19,1100.0,32.6,S
2021-07-19T09:58:19,2700.0,32.6,S
2021-07-19T09:58:19,100.0,32.6,S
2021-07-19T09:58:19,500.0,32.6,S
2021-07-19T09:58:19,14500.0,32.6,S
2021-07-19T09:58:19,11100.0,32.65,S
2021-07-19T09:58:19,900.0,32.65,S
2021-07-19T09:58:19,2100.0,32.65,S
2021-07-19T09:58:13,100.0,32.7,B
2021-07-19T09:58:05,300.0,32.65,S
2021-07-19T09:58:05,100.0,32.65,S
2021-07-19T09:58:05,600.0,32.65,S
2021-07-19T09:58:02,200.0,32.7,B
2021-07-19T09:57:57,100.0,32.7,B
2021-07-19T09:57:52,100.0,32.65,S
2021-07-19T09:57:47,100.0,32.7,B
2021-07-19T09:57:43,100.0,32.7,B
2021-07-19T09:57:39,2000.0,32.65,S
2021-07-19T09:57:33,1400.0,32.65,S
2021-07-19T09:57:30,400.0,32.7,B
2021-07-19T09:57:28,500.0,32.65,S
2021-07-19T09:57:15,3000.0,32.65,S
2021-07-19T09:57:15,600.0,32.65,S
2021-07-19T09:57:13,4000.0,32.65,S
2021-07-19T09:57:06,100.0,32.7,B
2021-07-19T09:56:44,100.0,32.7,B
2021-07-19T09:56:27,100.0,32.7,B
2021-07-19T09:56:25,200.0,32.7,B
2021-07-19T09:56:11,100.0,32.7,B
2021-07-19T09:55:55,100.0,32.7,B
2021-07-19T09:55:52,1000.0,32.7,B
2021-07-19T09:55:51,500.0,32.7,S
2021-07-19T09:55:51,2200.0,32.7,S
2021-07-19T09:55:43,500.0,32.7,S
2021-07-19T09:55:41,200.0,32.7,S
2021-07-19T09:55:41,800.0,32.7,S
2021-07-19T09:55:34,500.0,32.75,B
2021-07-19T09:55:33,100.0,32.75,B
2021-07-19T09:55:28,100.0,32.75,B
2021-07-19T09:55:25,200.0,32.7,S
2021-07-19T09:55:02,100.0,32.75,B
2021-07-19T09:54:52,300.0,32.75,S
2021-07-19T09:54:52,7400.0,32.75,S
2021-07-19T09:54:34,1000.0,32.8,B
2021-07-19T09:54:30,1500.0,32.8,B
2021-07-19T09:54:19,400.0,32.8,B
2021-07-19T09:54:02,200.0,32.8,B
2021-07-19T09:53:59,300.0,32.8,B
2021-07-19T09:53:58,100.0,32.8,B
2021-07-19T09:53:54,500.0,32.8,B
2021-07-19T09:53:46,200.0,32.8,S
2021-07-19T09:53:46,200.0,32.8,S
2021-07-19T09:53:46,200.0,32.8,S
2021-07-19T09:53:46,100.0,32.8,S
2021-07-19T09:53:45,1000.0,32.8,S
2021-07-19T09:53:43,1000.0,32.8,S
2021-07-19T09:53:36,1000.0,32.8,S
2021-07-19T09:53:34,1000.0,32.8,S
2021-07-19T09:53:28,3400.0,32.8,S
2021-07-19T09:53:22,5000.0,32.8,S
2021-07-19T09:53:15,5000.0,32.8,S
2021-07-19T09:53:11,100.0,32.85,B
2021-07-19T09:53:01,300.0,32.85,B
2021-07-19T09:52:59,500.0,32.85,B
2021-07-19T09:52:59,1000.0,32.85,B
2021-07-19T09:52:52,200.0,32.85,B
2021-07-19T09:52:47,100.0,32.85,B
2021-07-19T09:52:47,200.0,32.8,S
2021-07-19T09:52:43,2000.0,32.85,B
2021-07-19T09:52:34,300.0,32.85,S
2021-07-19T09:52:34,400.0,32.85,S
2021-07-19T09:52:20,300.0,32.85,S
2021-07-19T09:52:12,300.0,32.85,S
2021-07-19T09:51:51,300.0,32.85,S
2021-07-19T09:51:44,2900.0,32.85,S
2021-07-19T09:51:43,2000.0,32.85,S
2021-07-19T09:51:26,3400.0,32.85,B
2021-07-19T09:50:59,2000.0,32.8,S
2021-07-19T09:50:53,700.0,32.8,S
2021-07-19T09:50:44,11800.0,32.85,B
2021-07-19T09:50:44,8200.0,32.85,B
2021-07-19T09:50:24,100.0,32.8,B
2021-07-19T09:50:24,1000.0,32.8,B
2021-07-19T09:50:23,300.0,32.8,B
2021-07-19T09:50:23,1000.0,32.8,B
2021-07-19T09:50:18,500.0,32.8,B
2021-07-19T09:50:15,400.0,32.8,B
2021-07-19T09:50:06,100.0,32.8,B
2021-07-19T09:50:04,500.0,32.8,B
2021-07-19T09:50:02,100.0,32.8,B
2021-07-19T09:50:01,100.0,32.8,B
2021-07-19T09:49:55,200.0,32.8,B
2021-07-19T09:49:46,10000.0,32.8,B
2021-07-19T09:49:34,6800.0,32.8,S
