tradingTime,volume,price,side
2021-07-19T14:29:09,100.0,11.15,B
2021-07-19T14:28:26,2000.0,11.1,S
2021-07-19T14:28:26,3000.0,11.15,S
2021-07-19T14:26:48,500.0,11.15,B
2021-07-19T14:26:48,300.0,11.15,B
2021-07-19T14:25:44,300.0,11.1,S
2021-07-19T14:25:25,500.0,11.1,S
2021-07-19T14:23:26,1000.0,11.1,S
2021-07-19T14:23:05,500.0,11.1,S
2021-07-19T14:21:19,400.0,11.1,S
2021-07-19T14:19:54,2800.0,11.1,S
2021-07-19T14:19:43,1000.0,11.1,S
2021-07-19T14:17:25,100.0,11.1,S
2021-07-19T14:17:25,4500.0,11.1,S
2021-07-19T14:17:03,500.0,11.1,S
2021-07-19T14:17:03,1100.0,11.1,S
2021-07-19T14:15:54,100.0,11.1,S
2021-07-19T14:15:15,200.0,11.1,S
2021-07-19T14:14:59,10000.0,11.1,S
2021-07-19T14:14:54,400.0,11.1,S
2021-07-19T14:14:44,10000.0,11.1,S
2021-07-19T14:12:59,1000.0,11.1,S
2021-07-19T14:12:43,100.0,11.15,S
2021-07-19T14:11:24,500.0,11.15,B
2021-07-19T14:09:37,10000.0,11.2,B
2021-07-19T14:09:18,5000.0,11.1,S
2021-07-19T14:08:51,100.0,11.15,B
2021-07-19T14:07:36,5000.0,11.15,B
2021-07-19T14:06:41,100.0,11.15,B
2021-07-19T14:06:28,1000.0,11.15,S
2021-07-19T14:05:22,2000.0,11.15,S
2021-07-19T14:04:31,200.0,11.2,B
2021-07-19T14:04:02,200.0,11.2,B
2021-07-19T14:03:35,100.0,11.2,B
2021-07-19T14:02:17,500.0,11.2,B
2021-07-19T14:01:22,100.0,11.2,B
2021-07-19T14:00:53,500.0,11.2,B
2021-07-19T13:59:25,100.0,11.2,S
2021-07-19T13:57:41,14900.0,11.2,B
2021-07-19T13:57:09,300.0,11.2,B
2021-07-19T13:56:35,500.0,11.2,B
2021-07-19T13:55:43,1300.0,11.2,B
2021-07-19T13:54:14,100.0,11.2,B
2021-07-19T13:54:13,300.0,11.2,B
2021-07-19T13:50:38,1000.0,11.2,B
2021-07-19T13:50:06,300.0,11.15,B
2021-07-19T13:49:56,10000.0,11.2,B
2021-07-19T13:48:25,1000.0,11.15,B
2021-07-19T13:48:25,1000.0,11.15,B
2021-07-19T13:48:17,400.0,11.1,S
2021-07-19T13:47:52,300.0,11.1,S
2021-07-19T13:47:48,500.0,11.1,S
2021-07-19T13:47:23,300.0,11.1,S
2021-07-19T13:46:08,1000.0,11.05,S
2021-07-19T13:45:54,5000.0,11.05,S
2021-07-19T13:45:46,1600.0,11.1,B
2021-07-19T13:45:46,200.0,11.1,B
2021-07-19T13:45:44,10000.0,11.1,B
2021-07-19T13:45:38,200.0,11.1,B
2021-07-19T13:45:31,2600.0,11.05,S
2021-07-19T13:45:19,300.0,11.05,S
2021-07-19T13:45:12,500.0,11.05,S
2021-07-19T13:45:08,500.0,11.05,S
2021-07-19T13:45:00,400.0,11.05,S
2021-07-19T13:44:30,10700.0,11.05,B
2021-07-19T13:44:28,10000.0,11.05,B
2021-07-19T13:44:22,1500.0,11.05,B
2021-07-19T13:43:52,1500.0,11.05,S
2021-07-19T13:43:52,1100.0,11.05,S
2021-07-19T13:43:52,3200.0,11.05,S
2021-07-19T13:43:52,1900.0,11.05,S
2021-07-19T13:43:41,2000.0,11.05,S
2021-07-19T13:43:29,2300.0,11.05,S
2021-07-19T13:42:44,400.0,11.05,S
2021-07-19T13:42:44,5000.0,11.05,S
2021-07-19T13:42:43,4600.0,11.05,S
2021-07-19T13:42:27,1000.0,11.1,B
2021-07-19T13:42:24,7400.0,11.05,S
2021-07-19T13:42:21,100.0,11.1,B
2021-07-19T13:42:00,1800.0,11.1,S
2021-07-19T13:41:35,3500.0,11.1,S
2021-07-19T13:41:35,200.0,11.1,S
2021-07-19T13:41:35,21500.0,11.1,S
2021-07-19T13:41:35,5900.0,11.1,S
2021-07-19T13:41:35,2300.0,11.1,S
2021-07-19T13:41:35,700.0,11.1,S
2021-07-19T13:41:35,100.0,11.1,S
2021-07-19T13:41:35,23800.0,11.1,S
2021-07-19T13:39:45,1000.0,11.15,S
2021-07-19T13:39:18,10000.0,11.15,S
2021-07-19T13:38:40,400.0,11.2,B
2021-07-19T13:38:18,5000.0,11.15,S
2021-07-19T13:36:23,600.0,11.2,B
2021-07-19T13:36:16,2000.0,11.15,S
2021-07-19T13:36:13,5000.0,11.15,S
2021-07-19T13:35:44,500.0,11.15,S
2021-07-19T13:35:17,1000.0,11.15,S
2021-07-19T13:34:50,100.0,11.2,B
2021-07-19T13:34:22,4000.0,11.15,S
2021-07-19T13:34:10,100.0,11.2,B
2021-07-19T13:32:50,5000.0,11.15,S
2021-07-19T13:32:44,1900.0,11.15,S
2021-07-19T13:32:22,200.0,11.15,S
2021-07-19T13:31:27,500.0,11.15,S
2021-07-19T13:31:15,2000.0,11.15,S
2021-07-19T13:28:36,1000.0,11.15,S
2021-07-19T13:26:51,3100.0,11.15,S
2021-07-19T13:26:51,900.0,11.15,S
2021-07-19T13:26:37,1000.0,11.15,S
2021-07-19T13:24:50,10000.0,11.15,S
2021-07-19T13:23:50,100.0,11.15,S
2021-07-19T13:23:19,200.0,11.15,S
2021-07-19T13:22:32,700.0,11.15,S
2021-07-19T13:20:20,600.0,11.2,B
2021-07-19T13:19:38,500.0,11.2,B
2021-07-19T13:19:37,2400.0,11.2,B
2021-07-19T13:19:21,3000.0,11.2,B
2021-07-19T13:19:11,1000.0,11.2,B
2021-07-19T13:18:50,500.0,11.2,B
2021-07-19T13:18:40,700.0,11.2,B
2021-07-19T13:18:01,2000.0,11.2,B
2021-07-19T13:17:52,500.0,11.2,B
2021-07-19T13:17:25,500.0,11.2,B
2021-07-19T13:16:34,4200.0,11.2,B
2021-07-19T13:15:51,200.0,11.2,B
2021-07-19T13:15:27,100.0,11.2,B
2021-07-19T13:15:27,400.0,11.2,B
2021-07-19T13:14:57,100.0,11.15,S
2021-07-19T13:14:15,100.0,11.15,B
2021-07-19T13:13:59,1000.0,11.15,B
2021-07-19T13:13:48,10000.0,11.15,B
2021-07-19T13:13:34,6000.0,11.1,S
2021-07-19T13:13:20,100.0,11.15,B
2021-07-19T13:12:52,100.0,11.1,S
2021-07-19T13:12:03,200.0,11.15,B
2021-07-19T13:11:58,2000.0,11.15,B
2021-07-19T13:11:53,100.0,11.1,S
2021-07-19T13:11:53,2000.0,11.1,S
2021-07-19T13:11:37,100.0,11.1,S
2021-07-19T13:11:28,1600.0,11.15,B
2021-07-19T13:11:09,1000.0,11.1,S
2021-07-19T13:10:55,1000.0,11.15,B
2021-07-19T13:10:28,4000.0,11.1,S
2021-07-19T13:10:28,1200.0,11.1,S
2021-07-19T13:10:28,300.0,11.1,S
2021-07-19T13:10:28,700.0,11.1,S
2021-07-19T13:10:28,1500.0,11.1,S
2021-07-19T13:10:28,1400.0,11.1,S
2021-07-19T13:10:23,5000.0,11.15,B
2021-07-19T13:10:09,200.0,11.15,B
2021-07-19T13:09:53,2000.0,11.15,B
2021-07-19T13:09:14,3000.0,11.2,B
2021-07-19T13:09:12,1600.0,11.1,S
2021-07-19T13:09:12,3400.0,11.15,S
2021-07-19T13:07:53,3000.0,11.2,B
2021-07-19T13:07:22,400.0,11.2,S
2021-07-19T13:07:22,4600.0,11.2,S
2021-07-19T13:07:22,200.0,11.2,S
2021-07-19T13:07:22,700.0,11.2,S
2021-07-19T13:07:22,11600.0,11.2,S
2021-07-19T13:07:22,200.0,11.2,S
2021-07-19T13:07:22,6400.0,11.2,S
2021-07-19T13:07:22,200.0,11.2,S
2021-07-19T13:07:22,1500.0,11.2,S
2021-07-19T13:07:20,400.0,11.2,S
2021-07-19T13:06:49,8200.0,11.2,S
2021-07-19T13:06:49,1400.0,11.2,S
2021-07-19T13:06:49,300.0,11.2,S
2021-07-19T13:06:49,10100.0,11.25,S
2021-07-19T13:05:57,1000.0,11.3,B
2021-07-19T13:05:27,200.0,11.3,B
2021-07-19T13:04:56,4800.0,11.25,S
2021-07-19T13:04:50,5500.0,11.25,S
2021-07-19T13:03:41,100.0,11.3,S
2021-07-19T13:03:39,500.0,11.3,S
2021-07-19T13:03:33,100.0,11.3,S
2021-07-19T13:03:29,10000.0,11.3,S
2021-07-19T13:03:18,3500.0,11.3,S
2021-07-19T13:03:18,2600.0,11.3,S
2021-07-19T13:03:18,600.0,11.3,S
2021-07-19T13:03:18,3300.0,11.3,S
2021-07-19T13:01:41,1700.0,11.3,S
2021-07-19T13:01:41,300.0,11.3,S
2021-07-19T13:01:40,8000.0,11.3,S
2021-07-19T13:01:01,2000.0,11.3,S
2021-07-19T13:00:54,1900.0,11.35,B
2021-07-19T13:00:54,3000.0,11.35,B
2021-07-19T13:00:54,3900.0,11.35,B
2021-07-19T13:00:45,100.0,11.35,B
2021-07-19T13:00:07,1500.0,11.35,S
2021-07-19T13:00:07,500.0,11.35,S
2021-07-19T11:29:40,100.0,11.35,S
2021-07-19T11:26:44,400.0,11.4,B
2021-07-19T11:26:38,5000.0,11.35,S
2021-07-19T11:22:03,2000.0,11.4,B
2021-07-19T11:20:58,500.0,11.35,S
2021-07-19T11:20:06,1000.0,11.35,S
2021-07-19T11:18:53,5000.0,11.35,S
2021-07-19T11:16:51,200.0,11.35,S
2021-07-19T11:16:44,500.0,11.35,S
2021-07-19T11:07:34,1900.0,11.35,S
2021-07-19T11:02:16,6100.0,11.35,B
2021-07-19T11:00:20,3400.0,11.35,S
2021-07-19T11:00:19,1600.0,11.35,S
2021-07-19T10:56:04,500.0,11.4,B
2021-07-19T10:56:01,2000.0,11.35,S
2021-07-19T10:55:48,100.0,11.4,B
2021-07-19T10:54:37,300.0,11.4,B
2021-07-19T10:51:59,400.0,11.4,S
2021-07-19T10:51:59,3300.0,11.4,S
2021-07-19T10:50:59,1000.0,11.4,S
2021-07-19T10:48:47,2000.0,11.4,S
2021-07-19T10:48:36,1000.0,11.4,S
2021-07-19T10:48:23,1000.0,11.4,S
2021-07-19T10:44:39,700.0,11.4,B
2021-07-19T10:44:39,2000.0,11.4,B
2021-07-19T10:43:49,4100.0,11.4,B
2021-07-19T10:43:49,5900.0,11.4,B
2021-07-19T10:43:25,400.0,11.35,S
2021-07-19T10:42:13,1000.0,11.4,B
2021-07-19T10:40:03,100.0,11.4,B
2021-07-19T10:39:19,5000.0,11.35,S
2021-07-19T10:36:44,900.0,11.35,B
2021-07-19T10:36:44,6500.0,11.35,B
2021-07-19T10:35:25,500.0,11.35,B
2021-07-19T10:35:25,9500.0,11.35,B
2021-07-19T10:35:21,300.0,11.35,B
2021-07-19T10:35:21,9700.0,11.35,B
2021-07-19T10:34:50,4000.0,11.35,B
2021-07-19T10:34:07,1300.0,11.3,S
2021-07-19T10:33:50,10000.0,11.35,B
2021-07-19T10:31:39,100.0,11.35,B
2021-07-19T10:31:29,100.0,11.35,B
2021-07-19T10:31:22,1000.0,11.35,B
2021-07-19T10:31:15,200.0,11.3,S
2021-07-19T10:31:02,200.0,11.35,B
2021-07-19T10:30:26,200.0,11.35,B
2021-07-19T10:28:45,1000.0,11.3,S
2021-07-19T10:27:52,1000.0,11.3,S
2021-07-19T10:27:06,1000.0,11.35,B
2021-07-19T10:27:01,300.0,11.35,B
2021-07-19T10:26:20,2000.0,11.35,B
2021-07-19T10:26:14,1000.0,11.35,B
2021-07-19T10:26:09,1000.0,11.35,B
2021-07-19T10:25:32,1000.0,11.35,B
2021-07-19T10:22:05,400.0,11.3,S
2021-07-19T10:18:10,1000.0,11.35,B
2021-07-19T10:17:51,400.0,11.35,B
2021-07-19T10:16:46,1000.0,11.3,S
2021-07-19T10:14:35,400.0,11.3,S
2021-07-19T10:12:58,100.0,11.35,B
2021-07-19T10:12:21,1000.0,11.3,S
2021-07-19T10:11:44,1500.0,11.35,B
2021-07-19T10:11:04,200.0,11.3,S
2021-07-19T10:10:28,10000.0,11.3,S
2021-07-19T10:09:46,2000.0,11.3,S
2021-07-19T10:09:29,300.0,11.35,B
2021-07-19T10:09:01,800.0,11.3,S
2021-07-19T10:08:48,10000.0,11.3,S
2021-07-19T10:08:37,6000.0,11.3,S
2021-07-19T10:08:04,100.0,11.3,S
2021-07-19T10:05:34,500.0,11.35,B
2021-07-19T10:04:51,200.0,11.35,B
2021-07-19T10:02:10,3000.0,11.3,S
2021-07-19T10:00:44,3200.0,11.3,B
2021-07-19T10:00:35,100.0,11.3,B
2021-07-19T10:00:26,1700.0,11.3,S
2021-07-19T09:58:08,2500.0,11.3,B
2021-07-19T09:57:02,2000.0,11.3,B
2021-07-19T09:56:49,500.0,11.3,B
2021-07-19T09:56:42,1800.0,11.3,B
2021-07-19T09:56:14,1500.0,11.3,B
2021-07-19T09:56:14,1500.0,11.3,B
2021-07-19T09:55:47,200.0,11.3,B
2021-07-19T09:55:23,8000.0,11.3,B
2021-07-19T09:55:06,2400.0,11.3,B
2021-07-19T09:55:06,5600.0,11.3,B
2021-07-19T09:53:46,1000.0,11.3,B
2021-07-19T09:53:45,500.0,11.3,B
2021-07-19T09:53:26,5000.0,11.25,S
2021-07-19T09:51:30,5000.0,11.3,B
2021-07-19T09:51:10,200.0,11.3,B
2021-07-19T09:51:01,300.0,11.25,S
2021-07-19T09:50:51,1000.0,11.25,S
2021-07-19T09:50:37,200.0,11.3,B
2021-07-19T09:50:18,100.0,11.3,B
2021-07-19T09:49:36,2400.0,11.3,S
2021-07-19T09:49:27,1600.0,11.3,B
2021-07-19T09:48:32,4100.0,11.3,S
2021-07-19T09:48:06,5000.0,11.3,S
2021-07-19T09:47:44,5000.0,11.3,S
2021-07-19T09:46:16,2500.0,11.3,S
2021-07-19T09:46:16,100.0,11.3,S
2021-07-19T09:46:05,200.0,11.3,S
2021-07-19T09:45:38,300.0,11.3,S
2021-07-19T09:45:02,200.0,11.3,S
2021-07-19T09:44:51,1000.0,11.3,S
2021-07-19T09:44:41,1000.0,11.3,S
2021-07-19T09:44:36,500.0,11.3,S
2021-07-19T09:44:28,100.0,11.4,B
2021-07-19T09:44:25,2300.0,11.3,S
2021-07-19T09:44:16,900.0,11.3,S
2021-07-19T09:44:13,500.0,11.3,S
2021-07-19T09:44:04,1000.0,11.3,S
2021-07-19T09:44:02,100.0,11.3,S
2021-07-19T09:43:59,2000.0,11.3,S
2021-07-19T09:43:48,10000.0,11.3,S
2021-07-19T09:43:25,500.0,11.3,S
2021-07-19T09:43:09,300.0,11.3,S
2021-07-19T09:42:53,200.0,11.3,S
2021-07-19T09:42:31,300.0,11.3,S
2021-07-19T09:41:22,200.0,11.3,S
2021-07-19T09:40:04,300.0,11.3,S
2021-07-19T09:39:56,1000.0,11.3,S
2021-07-19T09:37:22,2900.0,11.3,S
2021-07-19T09:37:22,3400.0,11.3,S
2021-07-19T09:37:22,1400.0,11.3,S
2021-07-19T09:37:22,400.0,11.3,S
2021-07-19T09:37:22,5000.0,11.3,S
2021-07-19T09:37:22,1900.0,11.3,S
2021-07-19T09:36:39,2000.0,11.3,S
2021-07-19T09:36:20,9000.0,11.3,S
2021-07-19T09:36:20,1600.0,11.35,S
2021-07-19T09:35:30,100.0,11.4,B
2021-07-19T09:34:17,3000.0,11.35,S
2021-07-19T09:33:42,200.0,11.4,B
2021-07-19T09:33:24,100.0,11.4,B
2021-07-19T09:33:05,1000.0,11.4,B
2021-07-19T09:32:24,200.0,11.4,B
2021-07-19T09:32:18,6800.0,11.4,S
2021-07-19T09:30:06,400.0,11.4,S
2021-07-19T09:30:05,600.0,11.4,S
2021-07-19T09:29:54,1000.0,11.4,S
2021-07-19T09:29:32,200.0,11.4,S
2021-07-19T09:29:12,8200.0,11.4,B
2021-07-19T09:28:48,100.0,11.35,S
2021-07-19T09:28:11,500.0,11.4,B
2021-07-19T09:27:46,100.0,11.4,B
2021-07-19T09:27:35,200.0,11.4,B
2021-07-19T09:27:02,500.0,11.4,B
2021-07-19T09:26:40,500.0,11.4,B
2021-07-19T09:26:14,7500.0,11.4,S
2021-07-19T09:26:14,1000.0,11.4,S
2021-07-19T09:25:50,500.0,11.4,S
2021-07-19T09:25:45,400.0,11.5,B
2021-07-19T09:25:26,200.0,11.5,B
2021-07-19T09:24:41,300.0,11.5,B
2021-07-19T09:24:18,200.0,11.5,B
2021-07-19T09:23:11,3000.0,11.5,B
2021-07-19T09:22:38,200.0,11.4,S
2021-07-19T09:22:35,300.0,11.4,S
2021-07-19T09:22:19,2300.0,11.4,B
2021-07-19T09:22:18,200.0,11.4,B
2021-07-19T09:21:54,500.0,11.4,B
2021-07-19T09:21:38,500.0,11.4,S
2021-07-19T09:21:34,600.0,11.4,S
2021-07-19T09:21:34,2400.0,11.4,S
2021-07-19T09:21:29,100.0,11.4,S
2021-07-19T09:20:57,1000.0,11.4,S
2021-07-19T09:20:56,1000.0,11.4,S
2021-07-19T09:20:09,600.0,11.4,S
2021-07-19T09:19:38,200.0,11.5,B
2021-07-19T09:19:02,10000.0,11.5,B
2021-07-19T09:18:52,700.0,11.35,S
2021-07-19T09:18:48,1500.0,11.4,B
2021-07-19T09:18:48,1000.0,11.4,B
2021-07-19T09:18:48,100.0,11.4,B
2021-07-19T09:17:42,3000.0,11.4,B
2021-07-19T09:17:36,5000.0,11.25,S
2021-07-19T09:17:22,200.0,11.25,S
2021-07-19T09:16:58,300.0,11.4,B
2021-07-19T09:16:56,100.0,11.2,S
2021-07-19T09:16:39,2000.0,11.4,B
2021-07-19T09:15:08,100.0,11.2,S
