tradingTime,volume,price,side
2021-07-19T14:30:01,100.0,20.1,B
2021-07-19T14:29:52,200.0,20.1,B
2021-07-19T14:29:24,1000.0,20.1,B
2021-07-19T14:29:21,2000.0,20.1,B
2021-07-19T14:28:45,4900.0,20.1,B
2021-07-19T14:27:46,100.0,20.1,B
2021-07-19T14:27:33,100.0,20.1,B
2021-07-19T14:27:15,100.0,20.1,B
2021-07-19T14:27:07,100.0,20.1,B
2021-07-19T14:27:00,100.0,20.1,B
2021-07-19T14:26:44,100.0,20.1,B
2021-07-19T14:26:39,200.0,20.1,B
2021-07-19T14:26:36,200.0,20.1,B
2021-07-19T14:26:32,100.0,20.1,B
2021-07-19T14:26:21,100.0,20.1,B
2021-07-19T14:25:32,200.0,20.1,B
2021-07-19T14:25:29,500.0,20.1,B
2021-07-19T14:25:20,1000.0,20.1,B
2021-07-19T14:25:02,100.0,20.1,B
2021-07-19T14:24:59,600.0,20.1,B
2021-07-19T14:24:49,500.0,20.1,B
2021-07-19T14:24:21,100.0,20.1,B
2021-07-19T14:24:15,100.0,20.1,B
2021-07-19T14:24:04,500.0,20.1,B
2021-07-19T14:23:55,100.0,20.1,B
2021-07-19T14:23:55,700.0,20.1,B
2021-07-19T14:23:50,100.0,20.1,B
2021-07-19T14:23:48,100.0,20.1,B
2021-07-19T14:23:10,300.0,20.1,B
2021-07-19T14:23:10,1000.0,20.1,B
2021-07-19T14:23:08,20000.0,20.1,B
2021-07-19T14:22:58,1000.0,20.1,B
2021-07-19T14:22:46,100.0,20.1,B
2021-07-19T14:22:45,500.0,20.1,B
2021-07-19T14:22:35,700.0,20.1,B
2021-07-19T14:22:33,300.0,20.1,B
2021-07-19T14:22:23,1000.0,20.1,B
2021-07-19T14:22:20,500.0,20.1,B
2021-07-19T14:22:07,100.0,20.1,B
2021-07-19T14:22:00,200.0,20.1,B
2021-07-19T14:21:44,200.0,20.1,B
2021-07-19T14:21:42,100.0,20.1,B
2021-07-19T14:21:37,200.0,20.1,B
2021-07-19T14:21:24,1000.0,20.1,B
2021-07-19T14:21:14,200.0,20.1,B
2021-07-19T14:21:07,200.0,20.1,B
2021-07-19T14:20:59,300.0,20.1,B
2021-07-19T14:20:47,100.0,20.1,B
2021-07-19T14:20:23,300.0,20.1,B
2021-07-19T14:20:16,100.0,20.1,B
2021-07-19T14:20:09,10000.0,20.1,B
2021-07-19T14:19:59,200.0,20.1,B
2021-07-19T14:19:49,200.0,20.1,B
2021-07-19T14:19:46,500.0,20.1,B
2021-07-19T14:19:41,100.0,20.1,B
2021-07-19T14:19:12,100.0,20.1,B
2021-07-19T14:19:10,200.0,20.1,B
2021-07-19T14:18:54,500.0,20.1,B
2021-07-19T14:18:47,1000.0,20.1,B
2021-07-19T14:18:38,20000.0,20.1,B
2021-07-19T14:18:36,10500.0,20.1,B
2021-07-19T14:18:25,100.0,20.1,B
2021-07-19T14:18:22,3000.0,20.1,B
2021-07-19T14:18:15,5000.0,20.1,B
2021-07-19T14:18:12,4000.0,20.1,B
2021-07-19T14:17:59,1000.0,20.1,B
2021-07-19T14:17:46,1000.0,20.1,B
2021-07-19T14:17:43,200.0,20.1,B
2021-07-19T14:17:39,300.0,20.1,B
2021-07-19T14:17:37,100.0,20.1,B
2021-07-19T14:17:28,2000.0,20.1,B
2021-07-19T14:17:26,200.0,20.1,B
2021-07-19T14:17:21,5000.0,20.1,B
2021-07-19T14:17:06,100.0,20.1,B
2021-07-19T14:16:55,300.0,20.1,B
2021-07-19T14:16:55,300.0,20.1,B
2021-07-19T14:16:50,2000.0,20.1,B
2021-07-19T14:16:47,100.0,20.1,B
2021-07-19T14:16:45,100.0,20.1,B
2021-07-19T14:16:32,100.0,20.1,B
2021-07-19T14:16:25,100.0,20.1,B
2021-07-19T14:16:17,200.0,20.1,B
2021-07-19T14:16:11,100.0,20.1,B
2021-07-19T14:15:57,300.0,20.1,B
2021-07-19T14:15:54,500.0,20.1,B
2021-07-19T14:15:47,500.0,20.1,B
2021-07-19T14:15:44,100.0,20.1,B
2021-07-19T14:15:41,500.0,20.1,B
2021-07-19T14:15:33,500.0,20.1,B
2021-07-19T14:15:27,2000.0,20.1,B
2021-07-19T14:15:23,100.0,20.1,B
2021-07-19T14:15:23,1000.0,20.1,B
2021-07-19T14:15:15,100.0,20.1,B
2021-07-19T14:15:13,100.0,20.1,B
2021-07-19T14:15:06,100.0,20.1,B
2021-07-19T14:15:03,500.0,20.1,B
2021-07-19T14:15:02,2000.0,20.1,B
2021-07-19T14:14:51,500.0,20.1,B
2021-07-19T14:14:41,100.0,20.1,B
2021-07-19T14:14:34,200.0,20.1,B
2021-07-19T14:14:33,200.0,20.1,B
2021-07-19T14:14:26,2000.0,20.1,B
2021-07-19T14:14:26,500.0,20.1,B
2021-07-19T14:14:25,500.0,20.1,B
2021-07-19T14:14:23,200.0,20.1,B
2021-07-19T14:14:11,500.0,20.1,B
2021-07-19T14:13:53,300.0,20.1,B
2021-07-19T14:13:52,100.0,20.1,B
2021-07-19T14:13:52,300.0,20.1,B
2021-07-19T14:13:46,100.0,20.1,B
2021-07-19T14:13:38,100.0,20.1,B
2021-07-19T14:13:35,20000.0,20.1,B
2021-07-19T14:13:19,1000.0,20.1,B
2021-07-19T14:13:16,100.0,20.1,B
2021-07-19T14:13:11,500.0,20.1,B
2021-07-19T14:13:10,400.0,20.1,B
2021-07-19T14:13:09,20000.0,20.1,B
2021-07-19T14:12:53,100.0,20.1,B
2021-07-19T14:12:49,500.0,20.1,B
2021-07-19T14:12:44,3700.0,20.1,B
2021-07-19T14:12:43,200.0,20.1,B
2021-07-19T14:12:36,1000.0,20.1,B
2021-07-19T14:12:36,500.0,20.1,S
2021-07-19T14:12:36,6100.0,20.1,S
2021-07-19T14:12:36,1200.0,20.1,S
2021-07-19T14:12:36,3600.0,20.1,S
2021-07-19T14:12:36,15800.0,20.1,S
2021-07-19T14:12:34,300.0,20.1,S
2021-07-19T14:12:34,8500.0,20.1,S
2021-07-19T14:12:31,800.0,20.15,B
2021-07-19T14:12:31,1500.0,20.1,S
2021-07-19T14:12:31,900.0,20.1,S
2021-07-19T14:12:31,4600.0,20.1,S
2021-07-19T14:12:30,100.0,20.1,S
2021-07-19T14:12:28,3000.0,20.1,S
2021-07-19T14:12:26,100.0,20.1,S
2021-07-19T14:12:26,100.0,20.1,S
2021-07-19T14:12:25,2200.0,20.1,S
2021-07-19T14:12:25,200.0,20.1,S
2021-07-19T14:12:25,600.0,20.1,S
2021-07-19T14:12:25,1300.0,20.1,S
2021-07-19T14:12:25,5500.0,20.1,S
2021-07-19T14:12:23,9600.0,20.1,S
2021-07-19T14:12:23,1000.0,20.1,S
2021-07-19T14:12:23,100.0,20.1,S
2021-07-19T14:12:23,11000.0,20.1,S
2021-07-19T14:12:23,1100.0,20.1,S
2021-07-19T14:12:23,3200.0,20.1,S
2021-07-19T14:12:23,100.0,20.1,S
2021-07-19T14:12:23,200.0,20.1,S
2021-07-19T14:12:23,300.0,20.1,S
2021-07-19T14:12:23,7400.0,20.1,S
2021-07-19T14:12:23,300.0,20.1,S
2021-07-19T14:12:23,19700.0,20.1,S
2021-07-19T14:12:20,500.0,20.1,S
2021-07-19T14:12:20,100.0,20.1,S
2021-07-19T14:12:20,500.0,20.1,S
2021-07-19T14:12:20,700.0,20.1,S
2021-07-19T14:12:20,500.0,20.1,S
2021-07-19T14:12:20,600.0,20.1,S
2021-07-19T14:12:20,2200.0,20.1,S
2021-07-19T14:12:20,5400.0,20.1,S
2021-07-19T14:12:13,700.0,20.1,S
2021-07-19T14:12:13,9300.0,20.1,S
2021-07-19T14:12:10,700.0,20.1,S
2021-07-19T14:12:09,59300.0,20.1,S
2021-07-19T14:12:05,10000.0,20.1,S
2021-07-19T14:11:56,9000.0,20.1,S
2021-07-19T14:11:47,5600.0,20.1,S
2021-07-19T14:11:44,6000.0,20.1,S
2021-07-19T14:11:40,1000.0,20.15,B
2021-07-19T14:10:56,100.0,20.15,B
2021-07-19T14:10:51,100.0,20.15,B
2021-07-19T14:10:46,100.0,20.15,B
2021-07-19T14:10:35,100.0,20.15,B
2021-07-19T14:10:23,1600.0,20.15,B
2021-07-19T14:10:23,300.0,20.15,B
2021-07-19T14:10:23,3100.0,20.15,B
2021-07-19T14:10:15,200.0,20.15,B
2021-07-19T14:10:12,5600.0,20.1,S
2021-07-19T14:10:09,900.0,20.1,S
2021-07-19T14:10:03,100.0,20.1,S
2021-07-19T14:10:01,2000.0,20.1,S
2021-07-19T14:09:53,1700.0,20.1,S
2021-07-19T14:09:53,3300.0,20.1,S
2021-07-19T14:09:53,1000.0,20.1,S
2021-07-19T14:09:53,600.0,20.1,S
2021-07-19T14:09:53,13400.0,20.1,S
2021-07-19T14:09:49,100.0,20.1,S
2021-07-19T14:09:46,3100.0,20.15,B
2021-07-19T14:09:46,1900.0,20.15,B
2021-07-19T14:09:40,4700.0,20.1,S
2021-07-19T14:09:40,700.0,20.1,S
2021-07-19T14:09:40,1300.0,20.1,S
2021-07-19T14:09:40,100.0,20.1,S
2021-07-19T14:09:40,700.0,20.1,S
2021-07-19T14:09:40,1200.0,20.1,S
2021-07-19T14:09:40,1800.0,20.1,S
2021-07-19T14:09:40,500.0,20.1,S
2021-07-19T14:09:40,19000.0,20.1,S
2021-07-19T14:09:39,200.0,20.15,B
2021-07-19T14:09:27,1000.0,20.1,S
2021-07-19T14:09:19,1000.0,20.15,B
2021-07-19T14:09:14,200.0,20.15,B
2021-07-19T14:09:11,200.0,20.15,B
2021-07-19T14:09:06,4200.0,20.1,S
2021-07-19T14:08:54,100.0,20.15,B
2021-07-19T14:08:16,1000.0,20.15,B
2021-07-19T14:08:10,1500.0,20.15,B
2021-07-19T14:08:09,300.0,20.15,B
2021-07-19T14:08:05,100.0,20.15,B
2021-07-19T14:08:05,5000.0,20.15,B
2021-07-19T14:08:03,5000.0,20.15,B
2021-07-19T14:07:53,3400.0,20.15,B
2021-07-19T14:07:46,500.0,20.15,B
2021-07-19T14:07:34,1200.0,20.15,B
2021-07-19T14:07:32,2000.0,20.1,S
2021-07-19T14:07:18,4000.0,20.1,S
2021-07-19T14:07:16,1000.0,20.15,B
2021-07-19T14:07:15,2700.0,20.1,S
2021-07-19T14:07:15,200.0,20.1,S
2021-07-19T14:07:15,2100.0,20.1,S
2021-07-19T14:07:15,1300.0,20.1,S
2021-07-19T14:07:13,300.0,20.15,B
2021-07-19T14:07:11,1000.0,20.1,S
2021-07-19T14:07:11,400.0,20.15,B
2021-07-19T14:07:11,1000.0,20.1,S
2021-07-19T14:07:09,2000.0,20.15,B
2021-07-19T14:07:09,1000.0,20.1,S
2021-07-19T14:07:02,1000.0,20.1,S
2021-07-19T14:06:54,1000.0,20.1,S
2021-07-19T14:06:42,2900.0,20.15,B
2021-07-19T14:06:32,800.0,20.1,S
2021-07-19T14:06:22,400.0,20.15,B
2021-07-19T14:06:22,7700.0,20.1,S
2021-07-19T14:06:11,500.0,20.15,B
2021-07-19T14:06:10,900.0,20.15,B
2021-07-19T14:06:01,1500.0,20.1,S
2021-07-19T14:05:57,200.0,20.15,B
2021-07-19T14:05:52,100.0,20.1,S
2021-07-19T14:05:50,100.0,20.15,B
2021-07-19T14:05:48,200.0,20.15,B
2021-07-19T14:05:35,400.0,20.15,B
2021-07-19T14:05:29,1500.0,20.1,S
2021-07-19T14:05:19,400.0,20.1,S
2021-07-19T14:05:04,500.0,20.1,S
2021-07-19T14:04:59,4000.0,20.15,B
2021-07-19T14:04:57,1000.0,20.1,S
2021-07-19T14:04:46,3000.0,20.1,S
2021-07-19T14:04:39,300.0,20.15,B
2021-07-19T14:04:35,1000.0,20.1,S
2021-07-19T14:04:05,100.0,20.15,B
2021-07-19T14:04:04,1000.0,20.15,B
2021-07-19T14:03:27,4400.0,20.15,B
2021-07-19T14:03:24,100.0,20.15,B
2021-07-19T14:03:11,8000.0,20.1,S
2021-07-19T14:03:06,10000.0,20.15,B
2021-07-19T14:02:55,5000.0,20.15,B
2021-07-19T14:02:36,200.0,20.1,S
2021-07-19T14:02:36,1000.0,20.1,S
2021-07-19T14:02:33,100.0,20.15,B
2021-07-19T14:02:30,2200.0,20.15,B
2021-07-19T14:02:23,100.0,20.15,B
2021-07-19T14:02:18,100.0,20.15,B
2021-07-19T14:01:55,3500.0,20.1,S
2021-07-19T14:01:54,300.0,20.15,B
2021-07-19T14:01:48,500.0,20.1,S
2021-07-19T14:01:39,10000.0,20.1,S
2021-07-19T14:01:36,1000.0,20.15,B
2021-07-19T14:01:36,2000.0,20.1,S
2021-07-19T14:01:24,2500.0,20.1,S
2021-07-19T14:01:17,500.0,20.1,S
2021-07-19T14:01:10,4900.0,20.15,B
2021-07-19T14:01:10,100.0,20.15,B
2021-07-19T14:00:57,3000.0,20.1,S
2021-07-19T14:00:15,6000.0,20.1,S
2021-07-19T14:00:12,3000.0,20.1,S
2021-07-19T14:00:03,100.0,20.15,B
2021-07-19T14:00:03,4900.0,20.15,B
2021-07-19T13:59:36,1000.0,20.15,B
2021-07-19T13:59:28,200.0,20.15,B
2021-07-19T13:59:27,200.0,20.1,S
2021-07-19T13:59:21,1000.0,20.15,B
2021-07-19T13:58:56,2000.0,20.15,B
2021-07-19T13:58:55,1000.0,20.15,B
2021-07-19T13:58:38,31100.0,20.1,S
2021-07-19T13:58:38,3100.0,20.1,S
2021-07-19T13:58:38,4800.0,20.1,S
2021-07-19T13:58:38,1000.0,20.1,S
2021-07-19T13:58:38,10000.0,20.1,S
2021-07-19T13:58:37,3800.0,20.15,B
2021-07-19T13:58:29,200.0,20.15,B
2021-07-19T13:58:28,1000.0,20.15,B
2021-07-19T13:58:11,4700.0,20.15,B
2021-07-19T13:58:01,1000.0,20.15,B
2021-07-19T13:57:59,500.0,20.15,B
2021-07-19T13:57:56,1000.0,20.15,B
2021-07-19T13:57:47,2000.0,20.15,B
2021-07-19T13:57:41,4900.0,20.15,S
2021-07-19T13:57:30,200.0,20.15,S
2021-07-19T13:57:18,1100.0,20.15,S
2021-07-19T13:57:10,100.0,20.15,B
2021-07-19T13:57:10,4400.0,20.15,B
2021-07-19T13:57:02,200.0,20.1,S
2021-07-19T13:57:02,100.0,20.1,S
2021-07-19T13:57:01,500.0,20.15,B
2021-07-19T13:56:59,200.0,20.1,S
2021-07-19T13:56:57,200.0,20.15,B
2021-07-19T13:56:54,4000.0,20.15,B
2021-07-19T13:56:52,200.0,20.15,B
2021-07-19T13:56:50,1000.0,20.15,B
2021-07-19T13:56:45,6200.0,20.1,S
2021-07-19T13:56:45,4700.0,20.1,S
2021-07-19T13:56:45,400.0,20.1,S
2021-07-19T13:56:00,100.0,20.15,B
2021-07-19T13:55:59,100.0,20.15,B
2021-07-19T13:55:57,100.0,20.15,B
2021-07-19T13:55:54,500.0,20.15,B
2021-07-19T13:55:48,100.0,20.1,S
2021-07-19T13:55:39,2500.0,20.15,B
2021-07-19T13:55:37,200.0,20.15,B
2021-07-19T13:55:37,800.0,20.15,B
2021-07-19T13:55:37,300.0,20.15,B
2021-07-19T13:55:32,100.0,20.15,B
2021-07-19T13:55:32,400.0,20.15,B
2021-07-19T13:55:24,1000.0,20.15,B
2021-07-19T13:55:23,3000.0,20.15,B
2021-07-19T13:55:20,2300.0,20.15,B
2021-07-19T13:55:19,1400.0,20.15,B
2021-07-19T13:55:16,20000.0,20.15,B
2021-07-19T13:55:00,300.0,20.1,S
2021-07-19T13:54:56,400.0,20.1,S
2021-07-19T13:54:40,1000.0,20.15,B
2021-07-19T13:54:30,6700.0,20.1,S
2021-07-19T13:54:30,300.0,20.1,S
2021-07-19T13:54:30,9100.0,20.1,S
2021-07-19T13:54:30,1200.0,20.1,S
2021-07-19T13:54:30,1700.0,20.1,S
2021-07-19T13:54:30,400.0,20.1,S
2021-07-19T13:54:30,200.0,20.1,S
2021-07-19T13:54:30,1600.0,20.1,S
2021-07-19T13:54:30,6200.0,20.1,S
2021-07-19T13:54:30,500.0,20.1,S
2021-07-19T13:54:30,1400.0,20.1,S
2021-07-19T13:54:30,1500.0,20.1,S
2021-07-19T13:54:30,700.0,20.1,S
2021-07-19T13:54:30,500.0,20.1,S
2021-07-19T13:54:30,400.0,20.1,S
2021-07-19T13:54:30,700.0,20.1,S
2021-07-19T13:54:30,1000.0,20.1,S
2021-07-19T13:54:30,1000.0,20.1,S
2021-07-19T13:54:30,14900.0,20.1,S
2021-07-19T13:54:25,800.0,20.1,S
2021-07-19T13:54:15,500.0,20.15,B
2021-07-19T13:54:08,3300.0,20.1,S
2021-07-19T13:54:08,1000.0,20.1,S
2021-07-19T13:54:08,600.0,20.1,S
2021-07-19T13:54:08,10100.0,20.1,S
2021-07-19T13:54:02,10000.0,20.15,B
2021-07-19T13:54:01,500.0,20.1,S
2021-07-19T13:53:48,3000.0,20.1,S
2021-07-19T13:53:39,100.0,20.1,S
2021-07-19T13:53:27,10000.0,20.1,S
2021-07-19T13:53:18,500.0,20.1,S
2021-07-19T13:53:15,300.0,20.1,S
2021-07-19T13:53:14,500.0,20.15,B
2021-07-19T13:53:08,1000.0,20.15,B
2021-07-19T13:52:59,200.0,20.1,S
2021-07-19T13:52:56,1000.0,20.15,B
2021-07-19T13:52:35,100.0,20.1,S
2021-07-19T13:52:34,200.0,20.1,S
2021-07-19T13:52:30,400.0,20.1,S
2021-07-19T13:52:23,2500.0,20.1,S
2021-07-19T13:52:21,1700.0,20.1,S
2021-07-19T13:52:21,11100.0,20.1,S
2021-07-19T13:52:21,4000.0,20.1,S
2021-07-19T13:52:21,12200.0,20.1,S
2021-07-19T13:52:21,2100.0,20.1,S
2021-07-19T13:52:21,200.0,20.1,S
2021-07-19T13:52:21,15200.0,20.1,S
2021-07-19T13:52:19,5000.0,20.15,B
2021-07-19T13:52:16,1000.0,20.15,B
2021-07-19T13:52:13,1000.0,20.1,S
2021-07-19T13:52:10,3000.0,20.15,B
2021-07-19T13:52:09,10000.0,20.15,B
2021-07-19T13:52:03,2000.0,20.15,B
2021-07-19T13:51:52,1200.0,20.1,S
2021-07-19T13:51:45,500.0,20.15,B
2021-07-19T13:51:40,200.0,20.15,B
2021-07-19T13:51:38,200.0,20.1,S
2021-07-19T13:51:25,800.0,20.1,S
2021-07-19T13:51:20,5000.0,20.15,B
2021-07-19T13:51:02,1000.0,20.15,B
2021-07-19T13:51:01,400.0,20.15,B
2021-07-19T13:50:58,100.0,20.15,B
2021-07-19T13:50:57,100.0,20.15,B
2021-07-19T13:50:45,500.0,20.15,B
2021-07-19T13:50:23,700.0,20.1,S
2021-07-19T13:50:13,500.0,20.1,S
2021-07-19T13:50:12,1100.0,20.1,B
2021-07-19T13:50:12,31800.0,20.1,B
2021-07-19T13:50:12,2200.0,20.1,B
2021-07-19T13:50:12,5100.0,20.1,B
2021-07-19T13:50:12,5000.0,20.1,B
2021-07-19T13:50:12,200.0,20.1,B
2021-07-19T13:50:12,1100.0,20.1,B
2021-07-19T13:50:12,16400.0,20.1,B
2021-07-19T13:50:12,500.0,20.1,B
2021-07-19T13:50:11,1000.0,20.1,B
2021-07-19T13:50:09,300.0,20.1,B
2021-07-19T13:50:09,500.0,20.1,B
2021-07-19T13:50:09,200.0,20.1,B
2021-07-19T13:50:09,2000.0,20.1,B
2021-07-19T13:50:07,500.0,20.1,B
2021-07-19T13:50:07,900.0,20.1,B
2021-07-19T13:50:07,100.0,20.1,B
2021-07-19T13:50:03,1000.0,20.1,B
2021-07-19T13:50:03,1000.0,20.1,B
2021-07-19T13:50:03,500.0,20.1,B
2021-07-19T13:50:03,200.0,20.1,B
2021-07-19T13:50:03,5000.0,20.1,B
2021-07-19T13:50:03,200.0,20.1,B
2021-07-19T13:50:00,100.0,20.1,B
2021-07-19T13:50:00,500.0,20.1,B
2021-07-19T13:49:59,1000.0,20.1,B
2021-07-19T13:49:59,12100.0,20.1,B
2021-07-19T13:49:59,178900.0,20.1,B
2021-07-19T13:49:59,4200.0,20.1,B
2021-07-19T13:49:59,304800.0,20.1,B
2021-07-19T13:49:59,100.0,20.1,B
2021-07-19T13:49:55,100.0,20.1,B
2021-07-19T13:49:54,200.0,20.1,B
2021-07-19T13:49:54,3000.0,20.1,B
2021-07-19T13:49:53,200.0,20.1,B
2021-07-19T13:49:53,2000.0,20.1,B
2021-07-19T13:49:52,1000.0,20.1,B
2021-07-19T13:49:49,100.0,20.1,B
2021-07-19T13:49:46,1000.0,20.1,B
2021-07-19T13:49:45,100.0,20.1,B
2021-07-19T13:49:43,100.0,20.1,B
2021-07-19T13:49:42,1800.0,20.1,B
2021-07-19T13:49:41,1000.0,20.1,B
2021-07-19T13:49:39,4000.0,20.1,B
2021-07-19T13:49:38,1700.0,20.1,B
2021-07-19T13:49:38,2000.0,20.1,B
2021-07-19T13:49:36,10000.0,20.1,B
2021-07-19T13:49:31,8000.0,20.1,B
2021-07-19T13:49:30,200.0,20.1,B
2021-07-19T13:49:30,10000.0,20.1,B
2021-07-19T13:49:29,3000.0,20.1,B
2021-07-19T13:49:28,700.0,20.1,B
2021-07-19T13:49:26,500.0,20.1,B
2021-07-19T13:49:25,90000.0,20.1,B
2021-07-19T13:49:20,200.0,20.1,B
2021-07-19T13:49:19,500.0,20.1,B
2021-07-19T13:49:18,400.0,20.1,B
2021-07-19T13:49:15,100.0,20.1,B
2021-07-19T13:49:11,400.0,20.1,B
2021-07-19T13:49:09,100.0,20.1,B
2021-07-19T13:49:08,100.0,20.1,B
2021-07-19T13:49:08,73300.0,20.1,B
2021-07-19T13:49:08,6100.0,20.1,B
2021-07-19T13:49:08,20600.0,20.1,B
2021-07-19T13:49:02,1000.0,20.1,B
2021-07-19T13:48:49,200.0,20.1,B
2021-07-19T13:48:48,1000.0,20.1,B
2021-07-19T13:48:47,100.0,20.1,B
2021-07-19T13:48:47,1000.0,20.1,B
2021-07-19T13:48:41,100.0,20.1,B
2021-07-19T13:48:41,100.0,20.1,B
2021-07-19T13:48:40,600.0,20.1,B
2021-07-19T13:48:40,400.0,20.1,B
2021-07-19T13:48:39,100.0,20.1,B
2021-07-19T13:48:33,1000.0,20.1,B
2021-07-19T13:48:30,2000.0,20.1,B
2021-07-19T13:48:22,500.0,20.1,B
2021-07-19T13:48:17,1000.0,20.1,B
2021-07-19T13:48:16,100.0,20.1,B
2021-07-19T13:48:16,20000.0,20.1,B
2021-07-19T13:48:16,300.0,20.1,B
2021-07-19T13:48:14,100.0,20.1,B
2021-07-19T13:48:11,300.0,20.1,B
2021-07-19T13:48:10,2000.0,20.1,B
2021-07-19T13:48:09,100.0,20.1,B
2021-07-19T13:48:01,1000.0,20.1,B
2021-07-19T13:47:51,200.0,20.1,B
2021-07-19T13:47:49,1000.0,20.1,B
2021-07-19T13:47:48,200.0,20.1,B
2021-07-19T13:47:46,200.0,20.1,B
2021-07-19T13:47:45,3000.0,20.1,B
2021-07-19T13:47:45,100.0,20.1,B
2021-07-19T13:47:44,1000.0,20.1,B
2021-07-19T13:47:43,1000.0,20.1,B
2021-07-19T13:47:41,1000.0,20.1,B
2021-07-19T13:47:39,200.0,20.1,B
2021-07-19T13:47:29,1000.0,20.1,B
2021-07-19T13:47:29,1000.0,20.1,B
2021-07-19T13:47:28,1000.0,20.1,B
2021-07-19T13:47:27,500.0,20.1,B
2021-07-19T13:47:25,500.0,20.1,B
2021-07-19T13:47:22,1000.0,20.1,B
2021-07-19T13:47:21,1000.0,20.1,B
2021-07-19T13:47:20,3000.0,20.1,B
2021-07-19T13:47:06,200.0,20.1,B
2021-07-19T13:47:04,400.0,20.1,B
2021-07-19T13:47:00,1200.0,20.1,B
2021-07-19T13:46:55,2000.0,20.1,B
2021-07-19T13:46:53,200.0,20.1,B
2021-07-19T13:46:40,500.0,20.1,B
2021-07-19T13:46:39,2000.0,20.1,B
2021-07-19T13:46:37,500.0,20.1,B
2021-07-19T13:46:34,200.0,20.1,B
2021-07-19T13:46:30,100.0,20.1,B
2021-07-19T13:46:26,500.0,20.1,B
2021-07-19T13:46:25,1000.0,20.1,B
2021-07-19T13:46:25,800.0,20.1,B
2021-07-19T13:46:17,1000.0,20.1,B
2021-07-19T13:46:16,1000.0,20.1,B
2021-07-19T13:46:10,2000.0,20.1,B
2021-07-19T13:46:09,100.0,20.1,B
2021-07-19T13:46:04,2500.0,20.1,B
2021-07-19T13:45:57,500.0,20.1,B
2021-07-19T13:45:48,600.0,20.1,B
2021-07-19T13:45:46,100.0,20.1,B
2021-07-19T13:45:43,1000.0,20.1,B
2021-07-19T13:45:31,600.0,20.1,B
2021-07-19T13:45:30,100.0,20.1,B
2021-07-19T13:45:22,700.0,20.1,B
2021-07-19T13:45:05,200.0,20.1,B
2021-07-19T13:45:05,500.0,20.1,B
2021-07-19T13:45:05,200.0,20.1,B
2021-07-19T13:45:02,100.0,20.1,B
2021-07-19T13:45:01,1000.0,20.1,B
2021-07-19T13:44:59,500.0,20.1,B
2021-07-19T13:44:43,1000.0,20.1,B
2021-07-19T13:44:40,200.0,20.1,B
2021-07-19T13:44:37,500.0,20.1,B
2021-07-19T13:44:34,100.0,20.1,B
2021-07-19T13:44:30,5000.0,20.1,B
2021-07-19T13:44:29,200.0,20.1,B
2021-07-19T13:44:15,200.0,20.1,B
2021-07-19T13:44:11,100.0,20.1,B
2021-07-19T13:44:10,2000.0,20.1,B
2021-07-19T13:44:07,100.0,20.1,B
2021-07-19T13:44:05,1500.0,20.1,B
2021-07-19T13:43:46,200.0,20.1,B
2021-07-19T13:43:45,200.0,20.1,B
2021-07-19T13:43:40,1000.0,20.1,B
2021-07-19T13:43:37,100.0,20.1,B
2021-07-19T13:43:36,900.0,20.1,B
2021-07-19T13:43:29,100.0,20.1,B
2021-07-19T13:43:28,20000.0,20.1,B
2021-07-19T13:43:22,500.0,20.1,B
2021-07-19T13:43:15,5000.0,20.1,B
2021-07-19T13:43:14,300.0,20.1,B
2021-07-19T13:43:13,100.0,20.1,B
2021-07-19T13:43:12,700.0,20.1,B
2021-07-19T13:42:56,1000.0,20.1,B
2021-07-19T13:42:51,200.0,20.1,B
2021-07-19T13:42:44,1000.0,20.1,B
2021-07-19T13:42:29,500000.0,20.1,B
2021-07-19T13:42:18,50000.0,20.1,B
2021-07-19T13:42:16,100.0,20.1,B
2021-07-19T13:42:10,50000.0,20.1,B
2021-07-19T13:42:09,100.0,20.1,B
2021-07-19T13:42:05,500.0,20.1,B
2021-07-19T13:41:53,100.0,20.1,B
2021-07-19T13:41:50,100.0,20.1,B
2021-07-19T13:41:45,100.0,20.1,B
2021-07-19T13:41:45,31400.0,20.1,S
2021-07-19T13:41:42,30000.0,20.1,S
2021-07-19T13:41:40,20000.0,20.1,S
2021-07-19T13:41:35,4000.0,20.1,S
2021-07-19T13:41:35,1000.0,20.15,B
2021-07-19T13:41:34,100.0,20.15,B
2021-07-19T13:41:33,151000.0,20.1,S
2021-07-19T13:41:32,1000.0,20.1,S
2021-07-19T13:41:32,400.0,20.1,S
2021-07-19T13:41:28,30000.0,20.1,S
2021-07-19T13:41:26,10000.0,20.1,S
2021-07-19T13:41:24,100.0,20.1,S
2021-07-19T13:41:23,2000.0,20.1,S
2021-07-19T13:41:19,1000.0,20.1,S
2021-07-19T13:41:16,13000.0,20.1,S
2021-07-19T13:41:14,3000.0,20.1,B
2021-07-19T13:41:14,600.0,20.1,B
2021-07-19T13:41:14,20000.0,20.1,B
2021-07-19T13:41:14,80000.0,20.1,B
2021-07-19T13:41:14,5900.0,20.1,B
2021-07-19T13:41:14,9300.0,20.1,B
2021-07-19T13:41:14,31300.0,20.1,B
2021-07-19T13:41:14,1300.0,20.1,B
2021-07-19T13:41:14,61600.0,20.1,B
2021-07-19T13:41:11,5000.0,20.1,B
2021-07-19T13:41:06,1000.0,20.1,B
2021-07-19T13:40:54,3000.0,20.1,B
2021-07-19T13:40:47,300.0,20.1,B
2021-07-19T13:40:46,20000.0,20.1,B
2021-07-19T13:40:38,1000.0,20.1,B
2021-07-19T13:40:36,100.0,20.1,B
2021-07-19T13:40:33,1000.0,20.1,B
2021-07-19T13:40:24,30000.0,20.1,B
2021-07-19T13:40:19,100.0,20.1,B
2021-07-19T13:40:13,200.0,20.1,B
2021-07-19T13:40:11,1000.0,20.1,B
2021-07-19T13:40:09,30000.0,20.1,B
2021-07-19T13:39:53,2000.0,20.1,B
2021-07-19T13:39:51,5000.0,20.1,B
2021-07-19T13:39:48,300.0,20.1,B
2021-07-19T13:39:48,5000.0,20.1,B
2021-07-19T13:39:44,100.0,20.1,B
2021-07-19T13:39:43,500.0,20.1,B
2021-07-19T13:39:37,100.0,20.1,B
2021-07-19T13:39:37,1000.0,20.1,B
2021-07-19T13:39:31,100.0,20.1,B
2021-07-19T13:39:31,500.0,20.1,B
2021-07-19T13:39:31,30000.0,20.1,B
2021-07-19T13:39:29,500.0,20.1,B
2021-07-19T13:39:19,100.0,20.1,B
2021-07-19T13:39:16,1000.0,20.1,B
2021-07-19T13:39:16,500.0,20.1,B
2021-07-19T13:39:14,10000.0,20.1,B
2021-07-19T13:39:06,600.0,20.1,B
2021-07-19T13:39:01,100.0,20.1,B
2021-07-19T13:38:58,1000.0,20.1,B
2021-07-19T13:38:55,200.0,20.1,S
2021-07-19T13:38:55,5100.0,20.1,S
2021-07-19T13:38:55,2000.0,20.1,S
2021-07-19T13:38:55,100.0,20.1,S
2021-07-19T13:38:55,200.0,20.1,S
2021-07-19T13:38:55,2500.0,20.1,S
2021-07-19T13:38:55,8400.0,20.1,S
2021-07-19T13:38:55,3700.0,20.1,S
2021-07-19T13:38:55,5400.0,20.1,S
2021-07-19T13:38:55,6400.0,20.1,S
2021-07-19T13:38:55,5100.0,20.1,S
2021-07-19T13:38:55,16100.0,20.1,S
2021-07-19T13:38:55,2700.0,20.1,S
2021-07-19T13:38:55,1800.0,20.1,S
2021-07-19T13:38:55,1100.0,20.1,S
2021-07-19T13:38:55,800.0,20.1,S
2021-07-19T13:38:55,100.0,20.1,S
2021-07-19T13:38:55,300.0,20.1,S
2021-07-19T13:38:55,800.0,20.1,S
2021-07-19T13:38:55,1300.0,20.1,S
2021-07-19T13:38:55,600.0,20.1,S
2021-07-19T13:38:55,70500.0,20.1,S
2021-07-19T13:38:55,2800.0,20.1,S
2021-07-19T13:38:55,2700.0,20.1,S
2021-07-19T13:38:55,600.0,20.1,S
2021-07-19T13:38:55,8200.0,20.1,S
2021-07-19T13:38:55,57700.0,20.1,S
2021-07-19T13:38:55,2200.0,20.1,S
2021-07-19T13:38:55,100.0,20.1,S
2021-07-19T13:38:55,10100.0,20.1,S
2021-07-19T13:38:55,100.0,20.1,S
2021-07-19T13:38:55,700.0,20.1,S
2021-07-19T13:38:55,1200.0,20.1,S
2021-07-19T13:38:55,2100.0,20.1,S
2021-07-19T13:38:55,2000.0,20.1,S
2021-07-19T13:38:55,1200.0,20.1,S
2021-07-19T13:38:55,6200.0,20.1,S
2021-07-19T13:38:55,2900.0,20.1,S
2021-07-19T13:38:55,300.0,20.1,S
2021-07-19T13:38:55,2000.0,20.1,S
2021-07-19T13:38:55,10200.0,20.1,S
2021-07-19T13:38:55,1600.0,20.1,S
2021-07-19T13:38:55,1200.0,20.1,S
2021-07-19T13:38:55,1100.0,20.1,S
2021-07-19T13:38:55,1300.0,20.1,S
2021-07-19T13:38:55,1100.0,20.1,S
2021-07-19T13:38:55,500.0,20.1,S
2021-07-19T13:38:55,2000.0,20.1,S
2021-07-19T13:38:55,1200.0,20.1,S
2021-07-19T13:38:55,22000.0,20.1,S
2021-07-19T13:38:55,2400.0,20.1,S
2021-07-19T13:38:55,1100.0,20.1,S
2021-07-19T13:38:55,3600.0,20.1,S
2021-07-19T13:38:55,6500.0,20.1,S
2021-07-19T13:38:55,400.0,20.1,S
2021-07-19T13:38:55,500.0,20.1,S
2021-07-19T13:38:55,1700.0,20.1,S
2021-07-19T13:38:55,4300.0,20.1,S
2021-07-19T13:38:53,300.0,20.15,B
2021-07-19T13:38:38,200.0,20.15,B
2021-07-19T13:38:22,500.0,20.15,B
2021-07-19T13:38:21,3600.0,20.15,B
2021-07-19T13:38:21,1400.0,20.15,B
2021-07-19T13:38:20,4500.0,20.15,B
2021-07-19T13:38:16,100.0,20.15,B
2021-07-19T13:38:07,9600.0,20.15,B
2021-07-19T13:38:01,14400.0,20.15,S
2021-07-19T13:37:58,900.0,20.15,S
2021-07-19T13:37:58,100.0,20.15,S
2021-07-19T13:37:56,200.0,20.15,S
2021-07-19T13:37:52,4400.0,20.15,B
2021-07-19T13:37:50,1000.0,20.15,B
2021-07-19T13:37:47,9100.0,20.15,S
2021-07-19T13:37:44,1800.0,20.15,S
2021-07-19T13:37:44,200.0,20.15,S
2021-07-19T13:37:18,1000.0,20.15,B
2021-07-19T13:37:18,1000.0,20.15,B
2021-07-19T13:37:14,3000.0,20.15,B
2021-07-19T13:37:14,100.0,20.15,S
2021-07-19T13:37:14,26400.0,20.15,S
2021-07-19T13:37:11,500.0,20.15,S
2021-07-19T13:37:11,10000.0,20.2,B
2021-07-19T13:36:55,500.0,20.15,S
2021-07-19T13:36:53,4600.0,20.15,B
2021-07-19T13:36:49,10000.0,20.15,B
2021-07-19T13:36:48,100.0,20.15,B
2021-07-19T13:36:47,100.0,20.15,B
2021-07-19T13:36:46,500.0,20.1,S
2021-07-19T13:36:46,16200.0,20.1,S
2021-07-19T13:36:46,40600.0,20.1,S
2021-07-19T13:36:46,2700.0,20.1,S
2021-07-19T13:36:45,1000.0,20.15,B
2021-07-19T13:36:45,400.0,20.15,B
2021-07-19T13:36:44,3800.0,20.15,S
2021-07-19T13:36:32,500.0,20.2,B
2021-07-19T13:36:26,500.0,20.15,S
2021-07-19T13:36:21,5800.0,20.15,B
2021-07-19T13:36:17,20000.0,20.15,B
2021-07-19T13:36:10,200.0,20.1,S
2021-07-19T13:36:09,20000.0,20.15,B
2021-07-19T13:36:05,100.0,20.15,B
2021-07-19T13:36:03,200.0,20.1,S
2021-07-19T13:36:03,1300.0,20.1,S
2021-07-19T13:36:03,20000.0,20.15,B
2021-07-19T13:36:01,5000.0,20.15,B
2021-07-19T13:35:55,10000.0,20.15,B
2021-07-19T13:35:50,1400.0,20.1,S
2021-07-19T13:35:48,10000.0,20.15,B
2021-07-19T13:35:46,100.0,20.15,B
2021-07-19T13:35:44,1000.0,20.15,B
2021-07-19T13:35:44,15000.0,20.15,B
2021-07-19T13:35:40,3000.0,20.1,S
2021-07-19T13:35:39,200.0,20.1,S
2021-07-19T13:35:37,100.0,20.15,B
2021-07-19T13:35:35,8800.0,20.15,B
2021-07-19T13:35:27,1000.0,20.15,B
2021-07-19T13:35:24,200.0,20.1,S
2021-07-19T13:35:24,200.0,20.1,S
2021-07-19T13:35:24,9000.0,20.1,S
2021-07-19T13:35:22,10000.0,20.15,B
2021-07-19T13:35:22,500.0,20.1,S
2021-07-19T13:35:19,200.0,20.1,S
2021-07-19T13:35:19,10000.0,20.15,B
2021-07-19T13:35:17,14300.0,20.1,S
2021-07-19T13:35:17,600.0,20.1,S
2021-07-19T13:35:17,15100.0,20.1,S
2021-07-19T13:35:09,1500.0,20.1,S
2021-07-19T13:35:05,300.0,20.1,S
2021-07-19T13:35:03,400.0,20.1,S
2021-07-19T13:34:46,1000.0,20.1,S
2021-07-19T13:34:46,10000.0,20.15,B
2021-07-19T13:34:42,3000.0,20.1,S
2021-07-19T13:34:39,500.0,20.1,S
2021-07-19T13:34:39,300.0,20.15,B
2021-07-19T13:34:38,500.0,20.1,S
2021-07-19T13:34:37,5000.0,20.1,S
2021-07-19T13:34:33,500.0,20.1,S
2021-07-19T13:34:30,600.0,20.15,B
2021-07-19T13:34:22,600.0,20.1,S
2021-07-19T13:34:22,4600.0,20.1,S
2021-07-19T13:34:22,300.0,20.1,S
2021-07-19T13:34:22,24500.0,20.1,S
2021-07-19T13:34:17,3000.0,20.1,S
2021-07-19T13:34:15,500.0,20.1,S
2021-07-19T13:34:08,12400.0,20.1,S
2021-07-19T13:34:08,3000.0,20.1,S
2021-07-19T13:34:08,13200.0,20.1,S
2021-07-19T13:34:08,6000.0,20.1,S
2021-07-19T13:34:08,20500.0,20.1,S
2021-07-19T13:34:04,2000.0,20.1,S
2021-07-19T13:34:02,10000.0,20.15,B
2021-07-19T13:34:01,10000.0,20.15,B
2021-07-19T13:33:53,3000.0,20.15,B
2021-07-19T13:33:49,2000.0,20.1,S
2021-07-19T13:33:30,20000.0,20.1,S
2021-07-19T13:33:18,10000.0,20.15,B
2021-07-19T13:33:17,4000.0,20.15,S
2021-07-19T13:33:07,7800.0,20.15,S
2021-07-19T13:33:04,6000.0,20.15,S
2021-07-19T13:33:03,100.0,20.15,S
2021-07-19T13:32:58,2000.0,20.2,B
2021-07-19T13:32:52,5400.0,20.15,S
2021-07-19T13:32:52,1300.0,20.15,S
2021-07-19T13:32:52,100.0,20.15,S
2021-07-19T13:32:52,5000.0,20.15,S
2021-07-19T13:32:52,3600.0,20.15,S
2021-07-19T13:32:52,1100.0,20.15,S
2021-07-19T13:32:52,48200.0,20.15,S
2021-07-19T13:32:48,2200.0,20.2,B
2021-07-19T13:32:42,800.0,20.2,S
2021-07-19T13:32:34,4400.0,20.2,S
2021-07-19T13:32:29,100.0,20.2,S
2021-07-19T13:32:18,4600.0,20.2,B
2021-07-19T13:32:15,2000.0,20.2,B
2021-07-19T13:32:12,7400.0,20.2,S
2021-07-19T13:31:57,1600.0,20.2,B
2021-07-19T13:31:53,9800.0,20.2,B
2021-07-19T13:31:51,1100.0,20.2,B
2021-07-19T13:31:51,1900.0,20.2,B
2021-07-19T13:31:50,9800.0,20.2,B
2021-07-19T13:31:50,1000.0,20.2,B
2021-07-19T13:31:45,9800.0,20.2,B
2021-07-19T13:31:44,200.0,20.15,S
2021-07-19T13:31:41,9000.0,20.2,B
2021-07-19T13:31:34,100.0,20.15,S
2021-07-19T13:31:29,200.0,20.2,B
2021-07-19T13:31:17,100.0,20.15,S
2021-07-19T13:31:09,3000.0,20.2,B
2021-07-19T13:31:02,1000.0,20.15,S
2021-07-19T13:30:59,5000.0,20.15,S
2021-07-19T13:30:34,3500.0,20.15,S
2021-07-19T13:30:31,1000.0,20.15,S
2021-07-19T13:30:22,200.0,20.15,B
2021-07-19T13:30:22,10600.0,20.15,B
2021-07-19T13:30:22,100.0,20.15,B
2021-07-19T13:30:19,1000.0,20.15,B
2021-07-19T13:30:12,1000.0,20.15,B
2021-07-19T13:30:06,100.0,20.15,B
2021-07-19T13:30:05,2000.0,20.15,B
2021-07-19T13:29:59,2000.0,20.15,B
2021-07-19T13:29:58,1000.0,20.15,B
2021-07-19T13:29:56,100.0,20.15,B
2021-07-19T13:29:54,5000.0,20.15,B
2021-07-19T13:29:51,500.0,20.15,B
2021-07-19T13:29:38,3000.0,20.15,B
2021-07-19T13:29:36,100.0,20.15,B
2021-07-19T13:29:33,100.0,20.1,S
2021-07-19T13:29:19,7000.0,20.1,S
2021-07-19T13:29:05,200.0,20.15,B
2021-07-19T13:29:00,10000.0,20.15,B
2021-07-19T13:29:00,400.0,20.15,B
2021-07-19T13:28:56,3900.0,20.1,S
2021-07-19T13:28:52,500.0,20.1,S
2021-07-19T13:28:52,1300.0,20.1,S
2021-07-19T13:28:49,500.0,20.15,B
2021-07-19T13:28:42,200.0,20.15,B
2021-07-19T13:28:34,100.0,20.15,B
2021-07-19T13:28:08,1000.0,20.15,B
2021-07-19T13:28:00,100.0,20.1,S
2021-07-19T13:28:00,100.0,20.1,S
2021-07-19T13:27:48,14000.0,20.1,S
2021-07-19T13:27:17,500.0,20.1,S
2021-07-19T13:27:13,2000.0,20.1,S
2021-07-19T13:26:53,700.0,20.15,B
2021-07-19T13:26:48,100.0,20.15,B
2021-07-19T13:26:34,200.0,20.15,B
2021-07-19T13:26:29,3000.0,20.15,B
2021-07-19T13:26:24,2000.0,20.15,B
2021-07-19T13:26:22,2000.0,20.15,B
2021-07-19T13:26:22,5000.0,20.15,B
2021-07-19T13:26:18,3000.0,20.15,B
2021-07-19T13:26:14,100.0,20.1,S
2021-07-19T13:26:14,200.0,20.15,B
2021-07-19T13:26:10,1500.0,20.15,B
2021-07-19T13:26:09,3000.0,20.15,B
2021-07-19T13:26:04,100.0,20.15,B
2021-07-19T13:25:53,1000.0,20.15,B
2021-07-19T13:25:46,100.0,20.1,S
2021-07-19T13:25:44,1600.0,20.1,S
2021-07-19T13:25:44,10000.0,20.15,B
2021-07-19T13:25:39,500.0,20.15,B
2021-07-19T13:25:38,800.0,20.1,S
2021-07-19T13:25:32,900.0,20.15,B
2021-07-19T13:25:28,100.0,20.15,B
2021-07-19T13:25:27,500.0,20.15,B
2021-07-19T13:25:26,5000.0,20.1,S
2021-07-19T13:25:23,1000.0,20.1,S
2021-07-19T13:25:21,300.0,20.15,B
2021-07-19T13:25:16,200.0,20.15,B
2021-07-19T13:25:15,1000.0,20.15,B
2021-07-19T13:25:13,5000.0,20.1,S
2021-07-19T13:25:12,1000.0,20.15,B
2021-07-19T13:25:07,1000.0,20.1,S
2021-07-19T13:25:07,900.0,20.1,S
2021-07-19T13:25:07,8400.0,20.1,S
2021-07-19T13:24:57,5000.0,20.1,S
2021-07-19T13:24:55,100.0,20.15,B
2021-07-19T13:24:52,400.0,20.1,S
2021-07-19T13:24:34,500.0,20.1,S
2021-07-19T13:24:19,500.0,20.1,S
2021-07-19T13:24:18,2000.0,20.1,S
2021-07-19T13:24:18,1900.0,20.1,S
2021-07-19T13:24:15,300.0,20.15,B
2021-07-19T13:24:13,300.0,20.1,S
2021-07-19T13:23:46,500.0,20.1,S
2021-07-19T13:23:32,1500.0,20.1,S
2021-07-19T13:23:22,1000.0,20.1,S
2021-07-19T13:23:07,10900.0,20.15,S
2021-07-19T13:23:07,42000.0,20.15,S
2021-07-19T13:22:57,2000.0,20.15,S
2021-07-19T13:22:51,7600.0,20.1,B
2021-07-19T13:22:49,100.0,20.1,B
2021-07-19T13:22:46,1000.0,20.1,B
2021-07-19T13:22:46,5000.0,20.1,B
2021-07-19T13:22:42,500.0,20.1,B
2021-07-19T13:22:39,100.0,20.1,B
2021-07-19T13:22:38,500.0,20.1,B
2021-07-19T13:22:34,200.0,20.1,B
2021-07-19T13:22:33,12800.0,20.1,S
2021-07-19T13:22:33,30800.0,20.1,S
2021-07-19T13:22:33,100.0,20.1,S
2021-07-19T13:22:33,3000.0,20.1,S
2021-07-19T13:22:33,3100.0,20.1,S
2021-07-19T13:22:33,500.0,20.1,S
2021-07-19T13:22:33,3000.0,20.1,S
2021-07-19T13:22:33,600.0,20.1,S
2021-07-19T13:22:33,1300.0,20.1,S
2021-07-19T13:22:33,2300.0,20.1,S
2021-07-19T13:22:33,4000.0,20.1,S
2021-07-19T13:22:33,300.0,20.1,S
2021-07-19T13:22:33,600.0,20.1,S
2021-07-19T13:22:33,11000.0,20.1,S
2021-07-19T13:22:33,1100.0,20.1,S
2021-07-19T13:22:33,23500.0,20.1,S
2021-07-19T13:22:33,100.0,20.1,S
2021-07-19T13:22:33,2900.0,20.1,S
2021-07-19T13:22:33,4600.0,20.1,S
2021-07-19T13:22:33,200.0,20.1,S
2021-07-19T13:22:33,3000.0,20.1,S
2021-07-19T13:22:33,1300.0,20.1,S
2021-07-19T13:22:33,13600.0,20.1,S
2021-07-19T13:22:33,300.0,20.1,S
2021-07-19T13:22:33,7400.0,20.1,S
2021-07-19T13:22:33,3700.0,20.1,S
2021-07-19T13:22:33,240000.0,20.1,S
2021-07-19T13:22:33,6500.0,20.1,S
2021-07-19T13:22:33,100.0,20.1,S
2021-07-19T13:22:33,51100.0,20.1,S
2021-07-19T13:22:33,4100.0,20.1,S
2021-07-19T13:22:33,3600.0,20.1,S
2021-07-19T13:22:33,1500.0,20.1,S
2021-07-19T13:22:33,200.0,20.1,S
2021-07-19T13:22:33,1200.0,20.1,S
2021-07-19T13:22:33,3000.0,20.1,S
2021-07-19T13:22:33,5300.0,20.1,S
2021-07-19T13:22:33,400.0,20.1,S
2021-07-19T13:22:33,300.0,20.1,S
2021-07-19T13:22:33,27500.0,20.1,S
2021-07-19T13:22:33,100.0,20.1,S
2021-07-19T13:22:33,500.0,20.1,S
2021-07-19T13:22:33,600.0,20.1,S
2021-07-19T13:22:33,1100.0,20.1,S
2021-07-19T13:22:33,1500.0,20.1,S
2021-07-19T13:22:33,1300.0,20.1,S
2021-07-19T13:22:33,4200.0,20.1,S
2021-07-19T13:22:33,1900.0,20.1,S
2021-07-19T13:22:33,500.0,20.1,S
2021-07-19T13:22:33,700.0,20.1,S
2021-07-19T13:22:33,300.0,20.1,S
2021-07-19T13:22:33,2500.0,20.1,S
2021-07-19T13:22:33,200.0,20.1,S
2021-07-19T13:22:33,1200.0,20.1,S
2021-07-19T13:22:33,22000.0,20.1,S
2021-07-19T13:22:33,2200.0,20.1,S
2021-07-19T13:22:33,700.0,20.1,S
2021-07-19T13:22:33,3700.0,20.1,S
2021-07-19T13:22:33,5900.0,20.1,S
2021-07-19T13:22:33,10200.0,20.1,S
2021-07-19T13:22:33,95200.0,20.1,S
2021-07-19T13:22:33,5000.0,20.1,S
2021-07-19T13:22:33,5100.0,20.1,S
2021-07-19T13:22:33,206500.0,20.1,S
2021-07-19T13:22:33,3400.0,20.1,S
2021-07-19T13:22:32,400.0,20.1,S
2021-07-19T13:22:32,500.0,20.1,S
2021-07-19T13:22:32,3100.0,20.1,S
2021-07-19T13:22:32,30100.0,20.1,S
2021-07-19T13:22:32,2100.0,20.1,S
2021-07-19T13:22:32,300.0,20.1,S
2021-07-19T13:22:32,2100.0,20.1,S
2021-07-19T13:22:32,69800.0,20.1,S
2021-07-19T13:22:32,20200.0,20.15,S
2021-07-19T13:22:25,15000.0,20.2,S
2021-07-19T13:22:17,3000.0,20.2,S
2021-07-19T13:22:13,1000.0,20.2,B
2021-07-19T13:22:12,17500.0,20.15,S
2021-07-19T13:22:08,500.0,20.2,B
2021-07-19T13:21:58,10000.0,20.2,S
2021-07-19T13:21:50,100.0,20.25,B
2021-07-19T13:21:49,100.0,20.2,S
2021-07-19T13:21:27,100.0,20.2,B
2021-07-19T13:21:27,1000.0,20.2,B
2021-07-19T13:21:27,23000.0,20.2,B
2021-07-19T13:21:06,500.0,20.15,S
2021-07-19T13:21:03,200.0,20.2,B
2021-07-19T13:20:58,500.0,20.2,B
2021-07-19T13:20:55,14600.0,20.2,B
2021-07-19T13:20:55,5400.0,20.2,B
2021-07-19T13:20:55,52000.0,20.15,S
2021-07-19T13:20:47,1500.0,20.2,B
2021-07-19T13:20:42,100.0,20.2,B
2021-07-19T13:20:33,200.0,20.2,B
2021-07-19T13:20:31,100.0,20.2,B
2021-07-19T13:20:18,1000.0,20.2,B
2021-07-19T13:20:11,200.0,20.2,B
2021-07-19T13:20:04,2000.0,20.2,B
2021-07-19T13:19:59,100.0,20.2,B
2021-07-19T13:19:57,100.0,20.2,B
2021-07-19T13:19:50,300.0,20.2,B
2021-07-19T13:19:50,2000.0,20.2,B
2021-07-19T13:19:42,500.0,20.2,B
2021-07-19T13:19:40,1600.0,20.15,S
2021-07-19T13:19:36,2000.0,20.15,B
2021-07-19T13:19:30,500.0,20.2,B
2021-07-19T13:19:28,12400.0,20.1,S
2021-07-19T13:19:28,3600.0,20.1,S
2021-07-19T13:19:28,1200.0,20.1,S
2021-07-19T13:19:26,5600.0,20.1,S
2021-07-19T13:19:26,27200.0,20.1,S
2021-07-19T13:19:19,1300.0,20.15,S
2021-07-19T13:19:19,3100.0,20.15,S
2021-07-19T13:19:19,20100.0,20.15,S
2021-07-19T13:19:15,3000.0,20.2,B
2021-07-19T13:19:00,10000.0,20.2,B
2021-07-19T13:18:58,600.0,20.2,S
2021-07-19T13:18:58,4200.0,20.2,S
2021-07-19T13:18:31,39700.0,20.2,S
2021-07-19T13:18:31,10300.0,20.2,S
2021-07-19T13:18:17,10000.0,20.2,S
2021-07-19T13:17:59,1600.0,20.2,S
2021-07-19T13:17:59,300.0,20.2,S
2021-07-19T13:17:59,3100.0,20.2,S
2021-07-19T13:17:52,1000.0,20.2,S
2021-07-19T13:17:51,400.0,20.2,S
2021-07-19T13:17:50,1000.0,20.2,S
2021-07-19T13:17:49,200.0,20.2,S
2021-07-19T13:17:49,1000.0,20.2,S
2021-07-19T13:17:49,500.0,20.2,S
2021-07-19T13:17:39,200.0,20.25,B
2021-07-19T13:17:34,100.0,20.2,S
2021-07-19T13:17:32,1900.0,20.2,S
2021-07-19T13:17:30,100.0,20.2,S
2021-07-19T13:17:27,500.0,20.2,S
2021-07-19T13:16:48,200.0,20.2,S
2021-07-19T13:16:30,100.0,20.2,S
2021-07-19T13:16:22,2000.0,20.25,B
2021-07-19T13:16:20,100.0,20.25,B
2021-07-19T13:16:12,100.0,20.25,B
2021-07-19T13:16:07,1000.0,20.25,B
2021-07-19T13:16:00,1000.0,20.25,B
2021-07-19T13:15:57,1100.0,20.25,S
2021-07-19T13:15:55,100.0,20.3,B
2021-07-19T13:15:41,500.0,20.3,B
2021-07-19T13:15:37,900.0,20.2,S
2021-07-19T13:15:35,200.0,20.3,B
2021-07-19T13:15:35,2700.0,20.3,B
2021-07-19T13:15:35,500.0,20.25,B
2021-07-19T13:15:35,1800.0,20.25,B
2021-07-19T13:15:31,100.0,20.25,B
2021-07-19T13:15:30,9600.0,20.2,S
2021-07-19T13:15:25,1000.0,20.25,B
2021-07-19T13:15:15,200.0,20.25,B
2021-07-19T13:14:57,2000.0,20.2,S
2021-07-19T13:14:55,2300.0,20.2,S
2021-07-19T13:14:54,200.0,20.2,B
2021-07-19T13:14:52,200.0,20.2,B
2021-07-19T13:14:46,3300.0,20.2,B
2021-07-19T13:14:45,1000.0,20.2,B
2021-07-19T13:14:36,2600.0,20.2,B
2021-07-19T13:14:33,2000.0,20.2,B
2021-07-19T13:14:32,100.0,20.2,B
2021-07-19T13:14:30,100.0,20.15,S
2021-07-19T13:14:28,200.0,20.2,B
2021-07-19T13:14:27,100.0,20.2,B
2021-07-19T13:14:22,100.0,20.2,B
2021-07-19T13:14:18,100.0,20.2,B
2021-07-19T13:14:00,1000.0,20.1,S
2021-07-19T13:13:51,50000.0,20.1,S
2021-07-19T13:13:47,5000.0,20.1,B
2021-07-19T13:13:47,700.0,20.1,B
2021-07-19T13:13:47,100.0,20.1,B
2021-07-19T13:13:46,400.0,20.1,B
2021-07-19T13:13:46,2100.0,20.1,B
2021-07-19T13:13:45,500.0,20.1,B
2021-07-19T13:13:45,500.0,20.1,B
2021-07-19T13:13:45,100.0,20.1,B
2021-07-19T13:13:44,2000.0,20.1,B
2021-07-19T13:13:44,600.0,20.1,B
2021-07-19T13:13:44,100.0,20.1,B
2021-07-19T13:13:44,100.0,20.1,B
2021-07-19T13:13:42,100.0,20.1,B
2021-07-19T13:13:42,5000.0,20.1,B
2021-07-19T13:13:42,10000.0,20.1,B
2021-07-19T13:13:41,800.0,20.1,B
2021-07-19T13:13:40,100.0,20.1,B
2021-07-19T13:13:38,1000.0,20.1,B
2021-07-19T13:13:38,15000.0,20.1,B
2021-07-19T13:13:38,100.0,20.1,B
2021-07-19T13:13:36,100.0,20.1,B
2021-07-19T13:13:35,100.0,20.1,B
2021-07-19T13:13:35,200.0,20.1,B
2021-07-19T13:13:34,1000.0,20.1,B
2021-07-19T13:13:34,2000.0,20.1,B
2021-07-19T13:13:34,100.0,20.1,B
2021-07-19T13:13:34,300.0,20.1,B
2021-07-19T13:13:33,300.0,20.1,B
2021-07-19T13:13:33,500.0,20.1,B
2021-07-19T13:13:33,1500.0,20.1,B
2021-07-19T13:13:33,1000.0,20.1,B
2021-07-19T13:13:32,1100.0,20.1,B
2021-07-19T13:13:31,1000.0,20.1,B
2021-07-19T13:13:31,8000.0,20.1,B
2021-07-19T13:13:30,100.0,20.1,B
2021-07-19T13:13:30,2000.0,20.1,B
2021-07-19T13:13:30,15000.0,20.1,B
2021-07-19T13:13:27,200.0,20.1,B
2021-07-19T13:13:27,1000.0,20.1,B
2021-07-19T13:13:24,1500.0,20.1,B
2021-07-19T13:13:24,200.0,20.1,B
2021-07-19T13:13:24,100.0,20.1,B
2021-07-19T13:13:23,500.0,20.1,B
2021-07-19T13:13:23,30000.0,20.1,B
2021-07-19T13:13:21,100.0,20.1,B
2021-07-19T13:13:21,2000.0,20.1,B
2021-07-19T13:13:20,100.0,20.1,B
2021-07-19T13:13:20,800.0,20.1,B
2021-07-19T13:13:20,200.0,20.1,B
2021-07-19T13:13:19,10000.0,20.1,B
2021-07-19T13:13:18,100.0,20.1,B
2021-07-19T13:13:18,1000.0,20.1,B
2021-07-19T13:13:17,100.0,20.1,B
2021-07-19T13:13:17,500.0,20.1,B
2021-07-19T13:13:17,1000.0,20.1,B
2021-07-19T13:13:17,1800.0,20.1,B
2021-07-19T13:13:15,100.0,20.1,B
2021-07-19T13:13:14,1000.0,20.1,B
2021-07-19T13:13:14,100.0,20.1,B
2021-07-19T13:13:14,400.0,20.1,B
2021-07-19T13:13:14,200.0,20.1,B
2021-07-19T13:13:14,5200.0,20.1,B
2021-07-19T13:13:11,200.0,20.1,B
2021-07-19T13:13:11,5000.0,20.1,B
2021-07-19T13:13:11,200.0,20.1,B
2021-07-19T13:13:10,2000.0,20.1,B
2021-07-19T13:13:10,500.0,20.1,B
2021-07-19T13:13:07,10000.0,20.1,B
2021-07-19T13:13:04,2000.0,20.1,B
2021-07-19T13:13:03,200.0,20.1,B
2021-07-19T13:13:02,700.0,20.1,B
2021-07-19T13:13:00,2300.0,20.1,B
2021-07-19T13:13:00,100.0,20.1,B
2021-07-19T13:12:59,1000.0,20.1,B
2021-07-19T13:12:59,1000.0,20.1,B
2021-07-19T13:12:58,100.0,20.1,B
2021-07-19T13:12:55,200.0,20.1,B
2021-07-19T13:12:55,1000.0,20.1,B
2021-07-19T13:12:55,100.0,20.1,B
2021-07-19T13:12:54,300.0,20.1,B
2021-07-19T13:12:52,100.0,20.1,B
2021-07-19T13:12:50,100.0,20.1,B
2021-07-19T13:12:49,300.0,20.1,B
2021-07-19T13:12:49,100.0,20.1,B
2021-07-19T13:12:49,1000.0,20.1,B
2021-07-19T13:12:48,500.0,20.1,B
2021-07-19T13:12:46,200.0,20.1,B
2021-07-19T13:12:46,2000.0,20.1,B
2021-07-19T13:12:46,500.0,20.1,B
2021-07-19T13:12:45,500.0,20.1,B
2021-07-19T13:12:44,200.0,20.1,S
2021-07-19T13:12:44,4700.0,20.1,S
2021-07-19T13:12:44,24300.0,20.1,S
2021-07-19T13:12:44,7200.0,20.1,S
2021-07-19T13:12:44,13500.0,20.1,S
2021-07-19T13:12:44,2300.0,20.1,S
2021-07-19T13:12:44,2000.0,20.1,S
2021-07-19T13:12:44,2000.0,20.1,S
2021-07-19T13:12:44,58800.0,20.1,S
2021-07-19T13:12:44,9500.0,20.1,S
2021-07-19T13:12:44,500.0,20.1,S
2021-07-19T13:12:44,11800.0,20.1,S
2021-07-19T13:12:44,2200.0,20.1,S
2021-07-19T13:12:44,11500.0,20.1,S
2021-07-19T13:12:44,1000.0,20.1,S
2021-07-19T13:12:44,2400.0,20.1,S
2021-07-19T13:12:44,2300.0,20.1,S
2021-07-19T13:12:44,500.0,20.1,S
2021-07-19T13:12:44,100.0,20.1,S
2021-07-19T13:12:44,15200.0,20.1,S
2021-07-19T13:12:44,22100.0,20.1,S
2021-07-19T13:12:44,500.0,20.1,S
2021-07-19T13:12:44,25000.0,20.1,S
2021-07-19T13:12:44,1000.0,20.1,S
2021-07-19T13:12:44,1800.0,20.1,S
2021-07-19T13:12:44,5400.0,20.1,S
2021-07-19T13:12:43,200.0,20.1,S
2021-07-19T13:12:43,2600.0,20.1,S
2021-07-19T13:12:43,27000.0,20.1,S
2021-07-19T13:12:43,600.0,20.1,S
2021-07-19T13:12:43,1500.0,20.1,S
2021-07-19T13:12:43,400.0,20.1,S
2021-07-19T13:12:43,21200.0,20.1,S
2021-07-19T13:12:43,21000.0,20.1,S
2021-07-19T13:12:43,25000.0,20.1,S
2021-07-19T13:12:43,1100.0,20.1,S
2021-07-19T13:12:43,4600.0,20.1,S
2021-07-19T13:12:43,100.0,20.1,S
2021-07-19T13:12:43,400.0,20.1,S
2021-07-19T13:12:43,1900.0,20.1,S
2021-07-19T13:12:43,14800.0,20.1,S
2021-07-19T13:12:40,2000.0,20.2,B
2021-07-19T13:12:37,2000.0,20.2,B
2021-07-19T13:12:36,8400.0,20.2,S
2021-07-19T13:12:32,700.0,20.2,S
2021-07-19T13:12:26,500.0,20.2,S
2021-07-19T13:12:25,100.0,20.2,S
2021-07-19T13:12:17,1800.0,20.2,B
2021-07-19T13:12:16,100.0,20.2,B
2021-07-19T13:12:15,1000.0,20.2,B
2021-07-19T13:12:11,9000.0,20.2,B
2021-07-19T13:12:09,200.0,20.2,B
2021-07-19T13:12:08,200.0,20.1,S
2021-07-19T13:11:47,400.0,20.1,S
2021-07-19T13:11:26,1000.0,20.1,S
2021-07-19T13:11:23,100.0,20.2,B
2021-07-19T13:11:05,500.0,20.2,B
2021-07-19T13:11:02,200.0,20.15,S
2021-07-19T13:11:01,100.0,20.15,B
2021-07-19T13:10:55,1000.0,20.1,S
2021-07-19T13:10:54,3800.0,20.1,S
2021-07-19T13:10:48,200.0,20.1,S
2021-07-19T13:10:44,3000.0,20.1,S
2021-07-19T13:10:44,3000.0,20.1,S
2021-07-19T13:10:29,7000.0,20.1,B
2021-07-19T13:10:29,500.0,20.1,B
2021-07-19T13:10:29,200.0,20.1,B
2021-07-19T13:10:28,20000.0,20.1,B
2021-07-19T13:10:28,500.0,20.1,B
2021-07-19T13:10:28,800.0,20.1,B
2021-07-19T13:10:28,100.0,20.1,B
2021-07-19T13:10:28,2500.0,20.1,B
2021-07-19T13:10:27,200.0,20.1,B
2021-07-19T13:10:27,3000.0,20.1,B
2021-07-19T13:10:26,200.0,20.1,B
2021-07-19T13:10:26,200.0,20.1,B
2021-07-19T13:10:25,1000.0,20.1,B
2021-07-19T13:10:24,100.0,20.1,B
2021-07-19T13:10:23,100.0,20.1,B
2021-07-19T13:10:22,2200.0,20.1,B
2021-07-19T13:10:22,100.0,20.1,B
2021-07-19T13:10:21,3000.0,20.1,B
2021-07-19T13:10:19,100.0,20.1,B
2021-07-19T13:10:19,100.0,20.1,B
2021-07-19T13:10:18,100.0,20.1,B
2021-07-19T13:10:18,200.0,20.1,B
2021-07-19T13:10:17,200.0,20.1,B
2021-07-19T13:10:17,1000.0,20.1,B
2021-07-19T13:10:16,1200.0,20.1,B
2021-07-19T13:10:16,1000.0,20.1,B
2021-07-19T13:10:16,20000.0,20.1,B
2021-07-19T13:10:16,3000.0,20.1,B
2021-07-19T13:10:15,900.0,20.1,B
2021-07-19T13:10:14,500.0,20.1,B
2021-07-19T13:10:14,15000.0,20.1,B
2021-07-19T13:10:12,900.0,20.1,B
2021-07-19T13:10:11,1000.0,20.1,B
2021-07-19T13:10:11,300.0,20.1,B
2021-07-19T13:10:11,900.0,20.1,B
2021-07-19T13:10:11,200.0,20.1,B
2021-07-19T13:10:09,100.0,20.1,B
2021-07-19T13:10:09,100.0,20.1,B
2021-07-19T13:10:09,2000.0,20.1,B
2021-07-19T13:10:09,20000.0,20.1,B
2021-07-19T13:10:07,200.0,20.1,B
2021-07-19T13:10:07,100.0,20.1,B
2021-07-19T13:10:07,5200.0,20.1,B
2021-07-19T13:10:06,2100.0,20.1,B
2021-07-19T13:10:06,1000.0,20.1,B
2021-07-19T13:10:05,100.0,20.1,B
2021-07-19T13:10:04,100.0,20.1,B
2021-07-19T13:10:04,300.0,20.1,B
2021-07-19T13:10:03,100.0,20.1,B
2021-07-19T13:10:03,300.0,20.1,B
2021-07-19T13:10:02,800.0,20.1,B
2021-07-19T13:10:02,3000.0,20.1,B
2021-07-19T13:10:01,100.0,20.1,B
2021-07-19T13:10:01,1000.0,20.1,B
2021-07-19T13:10:00,700.0,20.1,B
2021-07-19T13:10:00,30000.0,20.1,B
2021-07-19T13:10:00,200.0,20.1,B
2021-07-19T13:10:00,1000.0,20.1,B
2021-07-19T13:10:00,500.0,20.1,B
2021-07-19T13:10:00,2000.0,20.1,B
2021-07-19T13:09:59,1000.0,20.1,B
2021-07-19T13:09:59,2000.0,20.1,B
2021-07-19T13:09:57,100.0,20.1,B
2021-07-19T13:09:57,1000.0,20.1,B
2021-07-19T13:09:55,100000.0,20.1,B
2021-07-19T13:09:54,100.0,20.1,B
2021-07-19T13:09:53,5200.0,20.1,B
2021-07-19T13:09:53,100.0,20.1,B
2021-07-19T13:09:52,1000.0,20.1,B
2021-07-19T13:09:47,1000.0,20.1,B
2021-07-19T13:09:44,100.0,20.1,B
2021-07-19T13:09:41,500.0,20.1,B
2021-07-19T13:09:40,500.0,20.1,B
2021-07-19T13:09:38,2000.0,20.1,B
2021-07-19T13:09:36,100.0,20.1,B
2021-07-19T13:09:36,1000.0,20.1,B
2021-07-19T13:09:36,500.0,20.1,B
2021-07-19T13:09:35,800.0,20.1,B
2021-07-19T13:09:34,100.0,20.1,B
2021-07-19T13:09:34,2300.0,20.1,B
2021-07-19T13:09:33,2000.0,20.1,B
2021-07-19T13:09:33,300.0,20.1,B
2021-07-19T13:09:31,1000.0,20.1,B
2021-07-19T13:09:30,300.0,20.1,B
2021-07-19T13:09:30,100.0,20.1,B
2021-07-19T13:09:28,2000.0,20.1,B
2021-07-19T13:09:28,4000.0,20.1,B
2021-07-19T13:09:27,30000.0,20.1,B
2021-07-19T13:09:27,5000.0,20.1,B
2021-07-19T13:09:26,500.0,20.1,B
2021-07-19T13:09:25,100.0,20.1,B
2021-07-19T13:09:23,100.0,20.1,B
2021-07-19T13:09:21,100.0,20.1,B
2021-07-19T13:09:21,2000.0,20.1,B
2021-07-19T13:09:21,600.0,20.1,B
2021-07-19T13:09:21,1000.0,20.1,S
2021-07-19T13:09:21,23400.0,20.1,S
2021-07-19T13:09:21,100.0,20.1,S
2021-07-19T13:09:21,1000.0,20.1,S
2021-07-19T13:09:21,26000.0,20.1,S
2021-07-19T13:09:21,1400.0,20.1,S
2021-07-19T13:09:21,1300.0,20.1,S
2021-07-19T13:09:21,1000.0,20.1,S
2021-07-19T13:09:21,2600.0,20.1,S
2021-07-19T13:09:21,100.0,20.1,S
2021-07-19T13:09:21,11300.0,20.1,S
2021-07-19T13:09:21,4700.0,20.1,S
2021-07-19T13:09:21,500.0,20.1,S
2021-07-19T13:09:21,8000.0,20.1,S
2021-07-19T13:09:21,300.0,20.1,S
2021-07-19T13:09:21,2500.0,20.1,S
2021-07-19T13:09:21,1500.0,20.1,S
2021-07-19T13:09:21,2000.0,20.1,S
2021-07-19T13:09:21,2500.0,20.1,S
2021-07-19T13:09:21,1600.0,20.1,S
2021-07-19T13:09:21,2400.0,20.1,S
2021-07-19T13:09:21,200.0,20.1,S
2021-07-19T13:09:21,300.0,20.1,S
2021-07-19T13:09:21,200.0,20.1,S
2021-07-19T13:09:21,1500.0,20.1,S
2021-07-19T13:09:21,2000.0,20.1,S
2021-07-19T13:09:21,700.0,20.1,S
2021-07-19T13:09:21,4000.0,20.1,S
2021-07-19T13:09:21,2200.0,20.1,S
2021-07-19T13:09:21,110000.0,20.1,S
2021-07-19T13:09:20,500.0,20.15,S
2021-07-19T13:09:03,800.0,20.15,B
2021-07-19T13:09:00,500.0,20.15,B
2021-07-19T13:09:00,1000.0,20.15,B
2021-07-19T13:08:59,900.0,20.15,S
2021-07-19T13:08:51,300.0,20.2,B
2021-07-19T13:08:48,700.0,20.15,S
2021-07-19T13:08:36,3900.0,20.15,S
2021-07-19T13:08:36,100.0,20.15,S
2021-07-19T13:08:13,100.0,20.1,S
2021-07-19T13:08:13,197300.0,20.1,S
2021-07-19T13:08:13,300.0,20.1,S
2021-07-19T13:08:13,100.0,20.1,S
2021-07-19T13:08:13,51500.0,20.1,S
2021-07-19T13:08:13,2000.0,20.1,S
2021-07-19T13:08:13,7000.0,20.1,S
2021-07-19T13:08:13,15700.0,20.1,S
2021-07-19T13:08:13,400.0,20.1,S
2021-07-19T13:08:13,900.0,20.1,S
2021-07-19T13:08:13,4200.0,20.1,S
2021-07-19T13:08:13,100.0,20.1,S
2021-07-19T13:08:13,51600.0,20.1,S
2021-07-19T13:08:13,1000.0,20.1,S
2021-07-19T13:08:13,5600.0,20.1,S
2021-07-19T13:08:13,2800.0,20.1,S
2021-07-19T13:08:13,2200.0,20.1,S
2021-07-19T13:08:13,2400.0,20.1,S
2021-07-19T13:08:13,11200.0,20.1,S
2021-07-19T13:08:13,8200.0,20.1,S
2021-07-19T13:08:13,25200.0,20.1,S
2021-07-19T13:08:13,20100.0,20.1,S
2021-07-19T13:08:13,1800.0,20.1,S
2021-07-19T13:08:13,41900.0,20.1,S
2021-07-19T13:08:13,100.0,20.1,S
2021-07-19T13:08:13,46400.0,20.1,S
2021-07-19T13:08:11,300.0,20.15,S
2021-07-19T13:08:09,300.0,20.15,S
2021-07-19T13:08:07,1400.0,20.15,B
2021-07-19T13:08:05,300.0,20.15,B
2021-07-19T13:07:53,31000.0,20.1,S
2021-07-19T13:07:47,300.0,20.15,B
2021-07-19T13:07:46,100.0,20.15,B
2021-07-19T13:07:44,100.0,20.15,B
2021-07-19T13:07:36,200.0,20.1,S
2021-07-19T13:07:34,300.0,20.15,B
2021-07-19T13:07:31,300.0,20.1,S
2021-07-19T13:07:26,3200.0,20.1,S
2021-07-19T13:07:25,1000.0,20.1,S
2021-07-19T13:07:22,100.0,20.15,B
2021-07-19T13:07:20,31800.0,20.1,S
2021-07-19T13:07:20,14000.0,20.1,S
2021-07-19T13:07:16,500.0,20.15,B
2021-07-19T13:07:15,26300.0,20.1,S
2021-07-19T13:07:08,900.0,20.1,S
2021-07-19T13:06:57,2000.0,20.1,S
2021-07-19T13:06:52,16900.0,20.1,B
2021-07-19T13:06:52,100.0,20.1,B
2021-07-19T13:06:52,500.0,20.1,B
2021-07-19T13:06:52,100000.0,20.1,B
2021-07-19T13:06:52,600.0,20.1,B
2021-07-19T13:06:51,200.0,20.1,B
2021-07-19T13:06:51,200.0,20.1,B
2021-07-19T13:06:49,10000.0,20.1,B
2021-07-19T13:06:48,5000.0,20.1,B
2021-07-19T13:06:48,2000.0,20.1,B
2021-07-19T13:06:47,2500.0,20.1,B
2021-07-19T13:06:46,200.0,20.1,B
2021-07-19T13:06:46,1000.0,20.1,B
2021-07-19T13:06:46,900.0,20.1,B
2021-07-19T13:06:45,100.0,20.1,B
2021-07-19T13:06:44,200.0,20.1,B
2021-07-19T13:06:43,200.0,20.1,B
2021-07-19T13:06:43,100.0,20.1,B
2021-07-19T13:06:42,200.0,20.1,B
2021-07-19T13:06:41,500.0,20.1,B
2021-07-19T13:06:41,100.0,20.1,B
2021-07-19T13:06:37,2000.0,20.1,B
2021-07-19T13:06:37,20000.0,20.1,B
2021-07-19T13:06:35,5000.0,20.1,B
2021-07-19T13:06:34,500.0,20.1,B
2021-07-19T13:06:33,100.0,20.1,B
2021-07-19T13:06:33,100.0,20.1,B
2021-07-19T13:06:32,200.0,20.1,B
2021-07-19T13:06:32,1000.0,20.1,B
2021-07-19T13:06:32,200.0,20.1,B
2021-07-19T13:06:29,300.0,20.1,B
2021-07-19T13:06:29,800.0,20.1,B
2021-07-19T13:06:29,200.0,20.1,B
2021-07-19T13:06:28,100.0,20.1,B
2021-07-19T13:06:27,2000.0,20.1,B
2021-07-19T13:06:27,1000.0,20.1,B
2021-07-19T13:06:26,3000.0,20.1,B
2021-07-19T13:06:25,1000.0,20.1,B
2021-07-19T13:06:23,100.0,20.1,B
2021-07-19T13:06:21,5500.0,20.1,B
2021-07-19T13:06:20,3000.0,20.1,B
2021-07-19T13:06:19,100.0,20.1,B
2021-07-19T13:06:19,1000.0,20.1,B
2021-07-19T13:06:19,500.0,20.1,B
2021-07-19T13:06:18,300.0,20.1,B
2021-07-19T13:06:18,10000.0,20.1,B
2021-07-19T13:06:17,8000.0,20.1,B
2021-07-19T13:06:16,300.0,20.1,B
2021-07-19T13:06:14,500.0,20.1,B
2021-07-19T13:06:13,500.0,20.1,B
2021-07-19T13:06:10,500.0,20.1,B
2021-07-19T13:06:09,1000.0,20.1,B
2021-07-19T13:06:09,1000.0,20.1,B
2021-07-19T13:06:09,6000.0,20.1,B
2021-07-19T13:06:08,1000.0,20.1,B
2021-07-19T13:06:06,1200.0,20.1,B
2021-07-19T13:06:06,100.0,20.1,B
2021-07-19T13:06:06,100.0,20.1,B
2021-07-19T13:06:05,1000.0,20.1,B
2021-07-19T13:06:04,10000.0,20.1,B
2021-07-19T13:06:04,300.0,20.1,B
2021-07-19T13:06:03,200.0,20.1,B
2021-07-19T13:06:02,1000.0,20.1,S
2021-07-19T13:06:02,500.0,20.1,S
2021-07-19T13:06:02,1000.0,20.1,S
2021-07-19T13:06:02,8100.0,20.1,S
2021-07-19T13:06:02,4100.0,20.1,S
2021-07-19T13:06:02,1000.0,20.1,S
2021-07-19T13:06:02,25400.0,20.1,S
2021-07-19T13:06:02,11100.0,20.1,S
2021-07-19T13:06:02,36200.0,20.1,S
2021-07-19T13:06:02,1000.0,20.1,S
2021-07-19T13:06:02,600.0,20.1,S
2021-07-19T13:06:02,43000.0,20.1,S
2021-07-19T13:06:02,21000.0,20.1,S
2021-07-19T13:06:02,11100.0,20.1,S
2021-07-19T13:06:02,800.0,20.1,S
2021-07-19T13:06:02,4200.0,20.1,S
2021-07-19T13:06:02,200.0,20.1,S
2021-07-19T13:06:02,4100.0,20.1,S
2021-07-19T13:06:02,105900.0,20.1,S
2021-07-19T13:06:00,5000.0,20.1,S
2021-07-19T13:05:57,300.0,20.1,S
2021-07-19T13:05:52,9000.0,20.1,S
2021-07-19T13:05:43,700.0,20.1,S
2021-07-19T13:05:34,100.0,20.1,B
2021-07-19T13:05:34,7700.0,20.1,B
2021-07-19T13:05:34,71300.0,20.1,B
2021-07-19T13:05:34,400.0,20.1,B
2021-07-19T13:05:34,100.0,20.1,B
2021-07-19T13:05:34,1100.0,20.1,B
2021-07-19T13:05:33,2000.0,20.1,B
2021-07-19T13:05:33,5000.0,20.1,B
2021-07-19T13:05:33,100.0,20.1,B
2021-07-19T13:05:33,400.0,20.1,B
2021-07-19T13:05:31,1000.0,20.1,B
2021-07-19T13:05:31,200.0,20.1,B
2021-07-19T13:05:31,500.0,20.1,B
2021-07-19T13:05:31,200.0,20.1,B
2021-07-19T13:05:30,100.0,20.1,B
2021-07-19T13:05:30,500.0,20.1,B
2021-07-19T13:05:29,500.0,20.1,B
2021-07-19T13:05:29,3000.0,20.1,B
2021-07-19T13:05:27,500.0,20.1,B
2021-07-19T13:05:27,1200.0,20.1,B
2021-07-19T13:05:26,2500.0,20.1,B
2021-07-19T13:05:26,5000.0,20.1,B
2021-07-19T13:05:26,40000.0,20.1,B
2021-07-19T13:05:25,3000.0,20.1,B
2021-07-19T13:05:24,500.0,20.1,B
2021-07-19T13:05:23,100.0,20.1,B
2021-07-19T13:05:23,3000.0,20.1,B
2021-07-19T13:05:23,1000.0,20.1,B
2021-07-19T13:05:20,500.0,20.1,B
2021-07-19T13:05:19,2000.0,20.1,B
2021-07-19T13:05:17,20000.0,20.1,B
2021-07-19T13:05:16,5000.0,20.1,B
2021-07-19T13:05:16,1000.0,20.1,B
2021-07-19T13:05:14,100.0,20.1,B
2021-07-19T13:05:13,300.0,20.1,B
2021-07-19T13:05:12,100.0,20.1,B
2021-07-19T13:05:10,500.0,20.1,B
2021-07-19T13:05:09,1000.0,20.1,B
2021-07-19T13:05:09,3100.0,20.1,B
2021-07-19T13:05:08,100.0,20.1,B
2021-07-19T13:05:08,2000.0,20.1,B
2021-07-19T13:05:08,100.0,20.1,B
2021-07-19T13:05:08,800.0,20.1,B
2021-07-19T13:05:07,100.0,20.1,B
2021-07-19T13:05:07,1000.0,20.1,B
2021-07-19T13:05:07,100.0,20.1,B
2021-07-19T13:05:07,100.0,20.1,B
2021-07-19T13:05:07,1000.0,20.1,B
2021-07-19T13:05:06,100.0,20.1,B
2021-07-19T13:05:06,3000.0,20.1,B
2021-07-19T13:05:05,200.0,20.1,B
2021-07-19T13:05:03,200.0,20.1,B
2021-07-19T13:05:03,100.0,20.1,B
2021-07-19T13:05:01,2000.0,20.1,B
2021-07-19T13:05:01,5100.0,20.1,B
2021-07-19T13:04:59,800.0,20.1,B
2021-07-19T13:04:59,100.0,20.1,B
2021-07-19T13:04:58,500.0,20.1,B
2021-07-19T13:04:56,100.0,20.1,B
2021-07-19T13:04:56,4700.0,20.1,B
2021-07-19T13:04:55,400.0,20.1,B
2021-07-19T13:04:53,3000.0,20.1,B
2021-07-19T13:04:52,1000.0,20.1,B
2021-07-19T13:04:52,1000.0,20.1,B
2021-07-19T13:04:51,500.0,20.1,B
2021-07-19T13:04:50,2000.0,20.1,B
2021-07-19T13:04:50,200.0,20.1,B
2021-07-19T13:04:50,6700.0,20.1,S
2021-07-19T13:04:50,14600.0,20.1,S
2021-07-19T13:04:50,43900.0,20.1,S
2021-07-19T13:04:50,200.0,20.1,S
2021-07-19T13:04:50,200.0,20.1,S
2021-07-19T13:04:50,3000.0,20.1,S
2021-07-19T13:04:50,11500.0,20.1,S
2021-07-19T13:04:50,2500.0,20.1,S
2021-07-19T13:04:50,2200.0,20.1,S
2021-07-19T13:04:50,400.0,20.1,S
2021-07-19T13:04:50,200.0,20.1,S
2021-07-19T13:04:50,1000.0,20.1,S
2021-07-19T13:04:50,11500.0,20.1,S
2021-07-19T13:04:50,1000.0,20.1,S
2021-07-19T13:04:50,12100.0,20.1,S
2021-07-19T13:04:50,19300.0,20.1,S
2021-07-19T13:04:50,157500.0,20.1,S
2021-07-19T13:04:50,5000.0,20.15,S
2021-07-19T13:04:50,300.0,20.2,S
2021-07-19T13:04:49,700.0,20.2,B
2021-07-19T13:04:43,5100.0,20.1,S
2021-07-19T13:04:43,23400.0,20.1,S
2021-07-19T13:04:43,6500.0,20.15,S
2021-07-19T13:04:39,200.0,20.2,B
2021-07-19T13:04:39,500.0,20.2,B
2021-07-19T13:04:25,200.0,20.2,B
2021-07-19T13:04:14,400.0,20.2,B
2021-07-19T13:04:11,2600.0,20.15,B
2021-07-19T13:04:08,1000.0,20.15,B
2021-07-19T13:04:05,100.0,20.15,B
2021-07-19T13:03:57,500.0,20.15,B
2021-07-19T13:03:56,1500.0,20.1,S
2021-07-19T13:03:48,175100.0,20.1,B
2021-07-19T13:03:48,1100.0,20.1,B
2021-07-19T13:03:47,5000.0,20.1,B
2021-07-19T13:03:47,10000.0,20.1,B
2021-07-19T13:03:47,200.0,20.1,B
2021-07-19T13:03:46,500.0,20.1,B
2021-07-19T13:03:46,1000.0,20.1,B
2021-07-19T13:03:46,2100.0,20.1,B
2021-07-19T13:03:46,200.0,20.1,B
2021-07-19T13:03:45,1000.0,20.1,B
2021-07-19T13:03:45,1700.0,20.1,B
2021-07-19T13:03:42,3000.0,20.1,B
2021-07-19T13:03:41,10000.0,20.1,B
2021-07-19T13:03:41,100.0,20.1,B
2021-07-19T13:03:41,2000.0,20.1,B
2021-07-19T13:03:39,1000.0,20.1,B
2021-07-19T13:03:39,10000.0,20.1,B
2021-07-19T13:03:39,5000.0,20.1,B
2021-07-19T13:03:38,100.0,20.1,B
2021-07-19T13:03:37,200.0,20.1,B
2021-07-19T13:03:37,390000.0,20.1,B
2021-07-19T13:03:37,100.0,20.1,B
2021-07-19T13:03:37,2300.0,20.1,B
2021-07-19T13:03:37,500.0,20.1,B
2021-07-19T13:03:34,10100.0,20.1,B
2021-07-19T13:03:34,200.0,20.1,B
2021-07-19T13:03:33,500.0,20.1,B
2021-07-19T13:03:32,100.0,20.1,B
2021-07-19T13:03:31,200.0,20.1,B
2021-07-19T13:03:31,100.0,20.1,B
2021-07-19T13:03:31,4000.0,20.1,B
2021-07-19T13:03:29,500.0,20.1,B
2021-07-19T13:03:28,2700.0,20.1,B
2021-07-19T13:03:26,100.0,20.1,B
2021-07-19T13:03:25,100.0,20.1,B
2021-07-19T13:03:23,300.0,20.1,B
2021-07-19T13:03:23,1000.0,20.1,B
2021-07-19T13:03:20,100.0,20.1,B
2021-07-19T13:03:19,1700.0,20.1,B
2021-07-19T13:03:18,100.0,20.1,B
2021-07-19T13:03:18,100.0,20.1,B
2021-07-19T13:03:17,30300.0,20.1,B
2021-07-19T13:03:15,1000.0,20.1,B
2021-07-19T13:03:13,8500.0,20.1,B
2021-07-19T13:03:10,100.0,20.1,B
2021-07-19T13:03:09,100.0,20.1,B
2021-07-19T13:03:09,20100.0,20.1,B
2021-07-19T13:03:07,500.0,20.1,B
2021-07-19T13:03:07,100.0,20.1,B
2021-07-19T13:03:05,3000.0,20.1,B
2021-07-19T13:03:04,100.0,20.1,B
2021-07-19T13:03:04,500.0,20.1,B
2021-07-19T13:03:03,20000.0,20.1,B
2021-07-19T13:03:01,300.0,20.1,B
2021-07-19T13:02:59,40000.0,20.1,B
2021-07-19T13:02:57,200.0,20.1,B
2021-07-19T13:02:56,300.0,20.1,S
2021-07-19T13:02:56,23100.0,20.1,S
2021-07-19T13:02:56,100.0,20.1,S
2021-07-19T13:02:56,2200.0,20.1,S
2021-07-19T13:02:56,1000.0,20.1,S
2021-07-19T13:02:56,4200.0,20.1,S
2021-07-19T13:02:56,2200.0,20.1,S
2021-07-19T13:02:56,400.0,20.1,S
2021-07-19T13:02:56,200.0,20.1,S
2021-07-19T13:02:56,5400.0,20.1,S
2021-07-19T13:02:56,100.0,20.1,S
2021-07-19T13:02:56,3900.0,20.1,S
2021-07-19T13:02:56,9600.0,20.1,S
2021-07-19T13:02:56,100.0,20.1,S
2021-07-19T13:02:56,700.0,20.1,S
2021-07-19T13:02:56,400.0,20.1,S
2021-07-19T13:02:56,101300.0,20.1,S
2021-07-19T13:02:56,100.0,20.1,S
2021-07-19T13:02:56,1800.0,20.1,S
2021-07-19T13:02:56,1000.0,20.1,S
2021-07-19T13:02:56,11300.0,20.1,S
2021-07-19T13:02:56,700.0,20.1,S
2021-07-19T13:02:56,5100.0,20.1,S
2021-07-19T13:02:56,500.0,20.1,S
2021-07-19T13:02:56,200.0,20.1,S
2021-07-19T13:02:56,100.0,20.1,S
2021-07-19T13:02:56,1700.0,20.1,S
2021-07-19T13:02:56,7000.0,20.1,S
2021-07-19T13:02:56,2500.0,20.1,S
2021-07-19T13:02:56,700.0,20.1,S
2021-07-19T13:02:56,3200.0,20.1,S
2021-07-19T13:02:56,200.0,20.1,S
2021-07-19T13:02:56,500.0,20.1,S
2021-07-19T13:02:56,300.0,20.1,S
2021-07-19T13:02:56,600.0,20.1,S
2021-07-19T13:02:56,200.0,20.1,S
2021-07-19T13:02:56,200.0,20.1,S
2021-07-19T13:02:56,200.0,20.1,S
2021-07-19T13:02:56,3000.0,20.1,S
2021-07-19T13:02:56,1900.0,20.1,S
2021-07-19T13:02:56,500.0,20.1,S
2021-07-19T13:02:56,1800.0,20.1,S
2021-07-19T13:02:56,10000.0,20.1,S
2021-07-19T13:02:56,200.0,20.1,S
2021-07-19T13:02:56,600.0,20.1,S
2021-07-19T13:02:56,1500.0,20.1,S
2021-07-19T13:02:56,14000.0,20.1,S
2021-07-19T13:02:56,1500.0,20.1,S
2021-07-19T13:02:56,10100.0,20.1,S
2021-07-19T13:02:56,12000.0,20.1,S
2021-07-19T13:02:56,1600.0,20.1,S
2021-07-19T13:02:56,3000.0,20.1,S
2021-07-19T13:02:56,200.0,20.1,S
2021-07-19T13:02:56,1100.0,20.1,S
2021-07-19T13:02:56,3100.0,20.1,S
2021-07-19T13:02:56,2600.0,20.1,S
2021-07-19T13:02:56,2000.0,20.1,S
2021-07-19T13:02:56,900.0,20.1,S
2021-07-19T13:02:56,11900.0,20.1,S
2021-07-19T13:02:56,3500.0,20.1,S
2021-07-19T13:02:56,2600.0,20.1,S
2021-07-19T13:02:56,1600.0,20.1,S
2021-07-19T13:02:56,10100.0,20.1,S
2021-07-19T13:02:56,1000.0,20.1,S
2021-07-19T13:02:56,600.0,20.1,S
2021-07-19T13:02:56,1000.0,20.1,S
2021-07-19T13:02:56,1100.0,20.1,S
2021-07-19T13:02:56,600.0,20.1,S
2021-07-19T13:02:56,11600.0,20.1,S
2021-07-19T13:02:56,6000.0,20.1,S
2021-07-19T13:02:56,10500.0,20.1,S
2021-07-19T13:02:56,400.0,20.1,S
2021-07-19T13:02:56,2400.0,20.1,S
2021-07-19T13:02:56,800.0,20.1,S
2021-07-19T13:02:56,500.0,20.1,S
2021-07-19T13:02:56,40400.0,20.1,S
2021-07-19T13:02:56,2800.0,20.1,S
2021-07-19T13:02:56,100.0,20.1,S
2021-07-19T13:02:56,10300.0,20.1,S
2021-07-19T13:02:56,8100.0,20.1,S
2021-07-19T13:02:56,600.0,20.1,S
2021-07-19T13:02:56,20400.0,20.1,S
2021-07-19T13:02:56,3800.0,20.1,S
2021-07-19T13:02:56,100.0,20.1,S
2021-07-19T13:02:56,1000.0,20.1,S
2021-07-19T13:02:56,11500.0,20.1,S
2021-07-19T13:02:56,500.0,20.1,S
2021-07-19T13:02:56,5000.0,20.1,S
2021-07-19T13:02:56,600.0,20.1,S
2021-07-19T13:02:56,2200.0,20.1,S
2021-07-19T13:02:56,700.0,20.1,S
2021-07-19T13:02:56,3500.0,20.1,S
2021-07-19T13:02:56,200.0,20.1,S
2021-07-19T13:02:56,600.0,20.1,S
2021-07-19T13:02:56,1900.0,20.1,S
2021-07-19T13:02:56,2300.0,20.1,S
2021-07-19T13:02:56,200.0,20.1,S
2021-07-19T13:02:56,600.0,20.1,S
2021-07-19T13:02:56,3100.0,20.1,S
2021-07-19T13:02:56,3000.0,20.1,S
2021-07-19T13:02:56,1600.0,20.1,S
2021-07-19T13:02:56,300.0,20.1,S
2021-07-19T13:02:56,1300.0,20.1,S
2021-07-19T13:02:56,200.0,20.1,S
2021-07-19T13:02:56,700.0,20.1,S
2021-07-19T13:02:56,4300.0,20.1,S
2021-07-19T13:02:56,2100.0,20.1,S
2021-07-19T13:02:56,500.0,20.1,S
2021-07-19T13:02:56,6000.0,20.1,S
2021-07-19T13:02:56,800.0,20.1,S
2021-07-19T13:02:56,14300.0,20.1,S
2021-07-19T13:02:56,30200.0,20.1,S
2021-07-19T13:02:56,1800.0,20.1,S
2021-07-19T13:02:56,5100.0,20.1,S
2021-07-19T13:02:56,19300.0,20.1,S
2021-07-19T13:02:55,300.0,20.1,S
2021-07-19T13:02:54,2300.0,20.1,S
2021-07-19T13:02:54,17700.0,20.1,S
2021-07-19T13:02:54,1500.0,20.15,B
2021-07-19T13:02:54,5700.0,20.15,B
2021-07-19T13:02:54,6100.0,20.15,B
2021-07-19T13:02:53,400.0,20.15,B
2021-07-19T13:02:49,100.0,20.1,S
2021-07-19T13:02:48,1000.0,20.1,S
2021-07-19T13:02:45,1400.0,20.15,B
2021-07-19T13:02:38,1000.0,20.15,B
2021-07-19T13:02:28,1000.0,20.15,B
2021-07-19T13:02:27,100.0,20.15,S
2021-07-19T13:02:26,6100.0,20.15,S
2021-07-19T13:02:26,25400.0,20.15,S
2021-07-19T13:02:26,20000.0,20.15,S
2021-07-19T13:02:26,4500.0,20.15,S
2021-07-19T13:02:20,4000.0,20.3,B
2021-07-19T13:02:14,500.0,20.15,S
2021-07-19T13:02:12,500.0,20.3,B
2021-07-19T13:02:12,20000.0,20.3,B
2021-07-19T13:02:10,15200.0,20.2,S
2021-07-19T13:02:09,10000.0,20.2,S
2021-07-19T13:01:53,700.0,20.2,S
2021-07-19T13:01:53,300.0,20.2,S
2021-07-19T13:01:34,2300.0,20.25,S
2021-07-19T13:01:30,700.0,20.25,S
2021-07-19T13:01:20,4000.0,20.35,B
2021-07-19T13:01:13,2000.0,20.25,S
2021-07-19T13:01:09,15000.0,20.25,S
2021-07-19T13:00:54,100.0,20.3,B
2021-07-19T13:00:51,500.0,20.3,S
2021-07-19T13:00:44,200.0,20.35,B
2021-07-19T13:00:33,100.0,20.35,B
2021-07-19T13:00:32,3000.0,20.15,S
2021-07-19T13:00:29,2000.0,20.15,S
2021-07-19T13:00:29,100.0,20.35,B
2021-07-19T13:00:27,100.0,20.35,B
2021-07-19T13:00:26,10800.0,20.1,S
2021-07-19T13:00:26,700.0,20.1,S
2021-07-19T13:00:26,2500.0,20.1,S
2021-07-19T13:00:26,1400.0,20.1,S
2021-07-19T13:00:26,1300.0,20.15,S
2021-07-19T13:00:26,2000.0,20.15,S
2021-07-19T13:00:26,4500.0,20.15,S
2021-07-19T13:00:26,100.0,20.15,S
2021-07-19T13:00:26,2100.0,20.15,S
2021-07-19T13:00:26,1000.0,20.15,S
2021-07-19T13:00:26,11300.0,20.15,S
2021-07-19T13:00:26,4200.0,20.15,S
2021-07-19T13:00:26,4400.0,20.15,S
2021-07-19T13:00:26,200.0,20.15,S
2021-07-19T13:00:26,600.0,20.15,S
2021-07-19T13:00:26,1300.0,20.2,S
2021-07-19T13:00:26,800.0,20.2,S
2021-07-19T13:00:26,100.0,20.2,S
2021-07-19T13:00:26,1200.0,20.2,S
2021-07-19T13:00:26,300.0,20.2,S
2021-07-19T13:00:26,700.0,20.2,S
2021-07-19T13:00:26,400.0,20.2,S
2021-07-19T13:00:26,2000.0,20.2,S
2021-07-19T13:00:26,2000.0,20.2,S
2021-07-19T13:00:26,600.0,20.2,S
2021-07-19T13:00:26,1300.0,20.2,S
2021-07-19T13:00:26,200.0,20.2,S
2021-07-19T13:00:26,1500.0,20.2,S
2021-07-19T13:00:26,2900.0,20.2,S
2021-07-19T13:00:26,300.0,20.2,S
2021-07-19T13:00:26,4300.0,20.2,S
2021-07-19T13:00:26,1900.0,20.2,S
2021-07-19T13:00:26,500.0,20.2,S
2021-07-19T13:00:26,4100.0,20.2,S
2021-07-19T13:00:26,500.0,20.2,S
2021-07-19T13:00:26,2800.0,20.2,S
2021-07-19T13:00:26,100.0,20.25,S
2021-07-19T13:00:26,500.0,20.25,S
2021-07-19T13:00:26,900.0,20.25,S
2021-07-19T13:00:26,400.0,20.25,S
2021-07-19T13:00:26,5000.0,20.3,S
2021-07-19T13:00:26,400.0,20.3,S
2021-07-19T13:00:26,300.0,20.3,S
2021-07-19T13:00:26,500.0,20.3,S
2021-07-19T13:00:26,100.0,20.3,S
2021-07-19T13:00:26,2100.0,20.3,S
2021-07-19T13:00:26,21900.0,20.3,S
2021-07-19T13:00:26,1000.0,20.3,S
2021-07-19T13:00:26,100.0,20.35,B
2021-07-19T13:00:24,100.0,20.35,B
2021-07-19T13:00:24,100.0,20.35,B
2021-07-19T13:00:24,300.0,20.35,B
2021-07-19T13:00:24,100.0,20.35,B
2021-07-19T13:00:23,500.0,20.35,B
2021-07-19T13:00:23,600.0,20.3,S
2021-07-19T13:00:23,5000.0,20.3,S
2021-07-19T13:00:21,300.0,20.35,B
2021-07-19T13:00:21,200.0,20.3,S
2021-07-19T13:00:21,3600.0,20.3,S
2021-07-19T13:00:21,6200.0,20.3,S
2021-07-19T13:00:21,2500.0,20.3,S
2021-07-19T13:00:19,20000.0,20.35,B
2021-07-19T13:00:19,400.0,20.3,S
2021-07-19T13:00:18,1000.0,20.35,B
2021-07-19T13:00:15,100.0,20.35,B
2021-07-19T13:00:15,200.0,20.35,B
2021-07-19T13:00:15,600.0,20.35,B
2021-07-19T13:00:15,200.0,20.3,S
2021-07-19T13:00:15,200.0,20.35,S
2021-07-19T13:00:15,8000.0,20.35,S
2021-07-19T13:00:15,4900.0,20.35,S
2021-07-19T13:00:14,300.0,20.4,B
2021-07-19T13:00:14,1000.0,20.4,B
2021-07-19T13:00:13,10000.0,20.35,S
2021-07-19T13:00:13,10000.0,20.4,B
2021-07-19T13:00:13,100.0,20.4,B
2021-07-19T13:00:07,1000.0,20.35,S
2021-07-19T13:00:07,1800.0,20.35,S
2021-07-19T11:31:17,1100.0,20.35,S
2021-07-19T11:29:50,2000.0,20.35,S
2021-07-19T11:29:46,10000.0,20.4,B
2021-07-19T11:29:43,2000.0,20.35,S
2021-07-19T11:29:35,8600.0,20.35,B
2021-07-19T11:29:29,900.0,20.35,B
2021-07-19T11:29:29,500.0,20.35,B
2021-07-19T11:29:27,100.0,20.4,B
2021-07-19T11:29:22,1000.0,20.4,B
2021-07-19T11:29:18,600.0,20.35,S
2021-07-19T11:29:18,2200.0,20.35,S
2021-07-19T11:29:18,26600.0,20.35,S
2021-07-19T11:29:15,100.0,20.4,B
2021-07-19T11:29:06,100.0,20.4,B
2021-07-19T11:29:05,1000.0,20.4,B
2021-07-19T11:29:04,500.0,20.4,B
2021-07-19T11:29:00,100.0,20.4,B
2021-07-19T11:28:54,1000.0,20.4,B
2021-07-19T11:28:48,500.0,20.4,B
2021-07-19T11:28:44,3900.0,20.4,B
2021-07-19T11:28:34,18000.0,20.4,S
2021-07-19T11:28:34,200.0,20.4,B
2021-07-19T11:28:33,800.0,20.4,B
2021-07-19T11:28:32,500.0,20.4,B
2021-07-19T11:28:29,3000.0,20.4,B
2021-07-19T11:28:09,5000.0,20.4,B
2021-07-19T11:28:08,200.0,20.4,B
2021-07-19T11:28:05,200.0,20.4,B
2021-07-19T11:28:04,500.0,20.4,B
2021-07-19T11:27:49,2200.0,20.4,B
2021-07-19T11:27:47,300.0,20.4,B
2021-07-19T11:27:44,1000.0,20.4,B
2021-07-19T11:27:44,700.0,20.4,B
2021-07-19T11:27:40,300.0,20.4,B
2021-07-19T11:27:38,1000.0,20.4,B
2021-07-19T11:27:32,100.0,20.4,B
2021-07-19T11:27:31,5000.0,20.4,B
2021-07-19T11:27:26,100.0,20.4,S
2021-07-19T11:27:26,20300.0,20.4,S
2021-07-19T11:27:26,500.0,20.4,S
2021-07-19T11:27:26,2000.0,20.4,S
2021-07-19T11:27:26,700.0,20.4,S
2021-07-19T11:27:26,900.0,20.4,S
2021-07-19T11:27:26,100.0,20.4,S
2021-07-19T11:27:26,8200.0,20.4,S
2021-07-19T11:26:57,5000.0,20.45,B
2021-07-19T11:26:54,300.0,20.45,B
2021-07-19T11:26:48,200.0,20.45,B
2021-07-19T11:26:47,3000.0,20.45,B
2021-07-19T11:26:46,4200.0,20.45,S
2021-07-19T11:26:40,1000.0,20.45,S
2021-07-19T11:26:26,100.0,20.5,B
2021-07-19T11:26:26,100.0,20.5,B
2021-07-19T11:26:24,1300.0,20.5,S
2021-07-19T11:26:24,200.0,20.5,S
2021-07-19T11:26:23,2800.0,20.5,S
2021-07-19T11:26:23,600.0,20.5,S
2021-07-19T11:26:23,5800.0,20.5,S
2021-07-19T11:26:23,10000.0,20.5,S
2021-07-19T11:26:21,1000.0,20.5,S
2021-07-19T11:26:19,2000.0,20.5,S
2021-07-19T11:26:12,2000.0,20.5,S
2021-07-19T11:26:12,500.0,20.5,S
2021-07-19T11:26:10,5200.0,20.5,S
2021-07-19T11:26:08,2100.0,20.5,S
2021-07-19T11:26:08,2900.0,20.6,B
2021-07-19T11:26:08,3200.0,20.6,B
2021-07-19T11:26:07,13900.0,20.6,B
2021-07-19T11:26:04,3000.0,20.5,S
2021-07-19T11:25:49,27200.0,20.5,S
2021-07-19T11:25:49,22100.0,20.5,S
2021-07-19T11:25:49,700.0,20.55,S
2021-07-19T11:25:47,20000.0,20.6,B
2021-07-19T11:25:47,2300.0,20.55,B
2021-07-19T11:25:45,500.0,20.55,B
2021-07-19T11:25:40,1400.0,20.5,S
2021-07-19T11:25:37,100.0,20.55,B
2021-07-19T11:25:36,7100.0,20.55,S
2021-07-19T11:25:34,200.0,20.55,S
2021-07-19T11:25:25,600.0,20.55,S
2021-07-19T11:25:24,2100.0,20.55,B
2021-07-19T11:25:20,2400.0,20.5,S
2021-07-19T11:25:15,300.0,20.55,B
2021-07-19T11:25:09,1000.0,20.5,S
2021-07-19T11:25:09,2500.0,20.5,S
2021-07-19T11:25:09,1000.0,20.5,S
2021-07-19T11:25:09,1600.0,20.5,S
2021-07-19T11:25:09,1000.0,20.5,S
2021-07-19T11:25:09,3000.0,20.5,S
2021-07-19T11:25:09,400.0,20.5,S
2021-07-19T11:25:09,600.0,20.5,S
2021-07-19T11:25:09,1500.0,20.5,S
2021-07-19T11:25:09,2000.0,20.5,S
2021-07-19T11:25:09,100.0,20.5,S
2021-07-19T11:25:09,1000.0,20.5,S
2021-07-19T11:25:09,100.0,20.5,S
2021-07-19T11:25:09,4000.0,20.5,S
2021-07-19T11:25:09,300.0,20.5,S
2021-07-19T11:25:09,5200.0,20.5,S
2021-07-19T11:25:09,500.0,20.5,S
2021-07-19T11:25:09,300.0,20.5,S
2021-07-19T11:25:09,700.0,20.5,S
2021-07-19T11:25:09,2000.0,20.5,S
2021-07-19T11:25:09,1600.0,20.5,S
2021-07-19T11:25:09,400.0,20.5,S
2021-07-19T11:25:09,800.0,20.5,S
2021-07-19T11:25:09,5000.0,20.5,S
2021-07-19T11:25:09,600.0,20.5,S
2021-07-19T11:25:09,100.0,20.5,S
2021-07-19T11:25:09,200.0,20.5,S
2021-07-19T11:25:09,300.0,20.5,S
2021-07-19T11:25:09,1300.0,20.5,S
2021-07-19T11:25:09,1800.0,20.5,S
2021-07-19T11:25:09,400.0,20.5,S
2021-07-19T11:25:09,1300.0,20.5,S
2021-07-19T11:25:09,2000.0,20.5,S
2021-07-19T11:25:09,3100.0,20.5,S
2021-07-19T11:24:59,100.0,20.55,B
2021-07-19T11:24:55,100.0,20.55,B
2021-07-19T11:24:54,5000.0,20.55,B
2021-07-19T11:24:49,7900.0,20.55,S
2021-07-19T11:24:49,39000.0,20.55,S
2021-07-19T11:24:49,1000.0,20.55,S
2021-07-19T11:24:49,3000.0,20.55,S
2021-07-19T11:24:49,11600.0,20.55,S
2021-07-19T11:24:47,10000.0,20.6,B
2021-07-19T11:24:47,4000.0,20.55,S
2021-07-19T11:24:30,6900.0,20.55,S
2021-07-19T11:24:30,1300.0,20.55,S
2021-07-19T11:24:30,21800.0,20.55,S
2021-07-19T11:24:28,3000.0,20.55,S
2021-07-19T11:24:20,900.0,20.6,B
2021-07-19T11:24:19,100.0,20.6,B
2021-07-19T11:24:03,20000.0,20.6,B
2021-07-19T11:24:03,300.0,20.6,B
2021-07-19T11:23:54,300.0,20.6,B
2021-07-19T11:23:49,300.0,20.6,B
2021-07-19T11:23:43,1000.0,20.6,B
2021-07-19T11:23:36,500.0,20.6,B
2021-07-19T11:23:34,100.0,20.6,B
2021-07-19T11:23:24,1000.0,20.6,B
2021-07-19T11:23:18,5000.0,20.6,B
2021-07-19T11:23:17,2900.0,20.6,S
2021-07-19T11:23:02,20000.0,20.6,S
2021-07-19T11:22:58,3100.0,20.6,B
2021-07-19T11:22:58,1000.0,20.6,B
2021-07-19T11:22:51,100.0,20.6,B
2021-07-19T11:22:44,100.0,20.6,B
2021-07-19T11:22:37,5900.0,20.6,B
2021-07-19T11:22:37,100.0,20.65,B
2021-07-19T11:22:34,20100.0,20.6,S
2021-07-19T11:22:33,1200.0,20.55,S
2021-07-19T11:22:32,100.0,20.6,B
2021-07-19T11:22:23,5000.0,20.6,B
2021-07-19T11:22:21,1000.0,20.6,B
2021-07-19T11:22:17,1000.0,20.6,B
2021-07-19T11:22:09,100.0,20.6,B
2021-07-19T11:22:09,500.0,20.6,B
2021-07-19T11:22:08,22300.0,20.6,S
2021-07-19T11:21:59,1100.0,20.65,S
2021-07-19T11:21:54,5200.0,20.65,S
2021-07-19T11:21:47,500.0,20.65,S
2021-07-19T11:21:38,3700.0,20.65,S
2021-07-19T11:21:36,100.0,20.6,S
2021-07-19T11:21:36,100.0,20.6,S
2021-07-19T11:21:36,1400.0,20.6,S
2021-07-19T11:21:36,3400.0,20.6,S
2021-07-19T11:21:36,5000.0,20.65,B
2021-07-19T11:21:33,200.0,20.65,B
2021-07-19T11:21:06,300.0,20.65,B
2021-07-19T11:21:05,5000.0,20.65,B
2021-07-19T11:20:49,500.0,20.65,B
2021-07-19T11:20:49,500.0,20.65,B
2021-07-19T11:20:45,10000.0,20.65,B
2021-07-19T11:20:24,200.0,20.6,S
2021-07-19T11:20:19,1000.0,20.6,S
2021-07-19T11:20:14,22100.0,20.6,B
2021-07-19T11:20:05,5000.0,20.55,S
2021-07-19T11:20:04,100.0,20.6,B
2021-07-19T11:19:54,1000.0,20.55,S
2021-07-19T11:19:39,5000.0,20.55,S
2021-07-19T11:19:37,50000.0,20.55,S
2021-07-19T11:19:37,10000.0,20.55,S
2021-07-19T11:19:32,100.0,20.6,B
2021-07-19T11:19:27,500.0,20.6,B
2021-07-19T11:19:27,500.0,20.6,B
2021-07-19T11:19:26,5000.0,20.55,S
2021-07-19T11:19:20,2000.0,20.6,B
2021-07-19T11:19:15,500.0,20.6,B
2021-07-19T11:19:15,16200.0,20.55,S
2021-07-19T11:19:15,500.0,20.55,S
2021-07-19T11:19:03,100.0,20.6,B
2021-07-19T11:18:47,500.0,20.6,B
2021-07-19T11:18:46,400.0,20.6,B
2021-07-19T11:18:32,500.0,20.6,B
2021-07-19T11:18:30,2000.0,20.6,B
2021-07-19T11:18:29,5000.0,20.6,B
2021-07-19T11:18:17,400.0,20.6,B
2021-07-19T11:18:17,500.0,20.6,B
2021-07-19T11:18:11,500.0,20.6,B
2021-07-19T11:18:11,200.0,20.6,B
2021-07-19T11:18:08,200.0,20.6,S
2021-07-19T11:18:08,2800.0,20.6,S
2021-07-19T11:18:08,1500.0,20.6,S
2021-07-19T11:18:08,10100.0,20.6,S
2021-07-19T11:18:08,5300.0,20.6,S
2021-07-19T11:18:08,100.0,20.6,S
2021-07-19T11:18:08,12100.0,20.6,S
2021-07-19T11:18:06,5100.0,20.6,S
2021-07-19T11:17:51,1000.0,20.6,S
2021-07-19T11:17:46,9900.0,20.65,B
2021-07-19T11:17:36,3000.0,20.6,S
2021-07-19T11:17:24,3000.0,20.6,S
2021-07-19T11:17:24,30500.0,20.6,S
2021-07-19T11:17:24,700.0,20.6,S
2021-07-19T11:17:24,400.0,20.6,S
2021-07-19T11:17:24,500.0,20.6,S
2021-07-19T11:17:24,2000.0,20.6,S
2021-07-19T11:17:24,200.0,20.6,S
2021-07-19T11:17:24,400.0,20.6,S
2021-07-19T11:17:24,200.0,20.6,S
2021-07-19T11:17:24,1400.0,20.6,S
2021-07-19T11:17:24,700.0,20.6,S
2021-07-19T11:17:24,1100.0,20.6,S
2021-07-19T11:17:24,300.0,20.6,S
2021-07-19T11:17:24,5200.0,20.6,S
2021-07-19T11:17:24,300.0,20.6,S
2021-07-19T11:17:24,1200.0,20.6,S
2021-07-19T11:17:24,1600.0,20.6,S
2021-07-19T11:17:24,300.0,20.6,S
2021-07-19T11:17:11,900.0,20.65,B
2021-07-19T11:17:06,100.0,20.65,B
2021-07-19T11:17:04,200.0,20.65,B
2021-07-19T11:17:03,200.0,20.65,S
2021-07-19T11:17:03,6500.0,20.65,S
2021-07-19T11:17:03,200.0,20.65,S
2021-07-19T11:17:03,3500.0,20.65,S
2021-07-19T11:17:03,200.0,20.65,S
2021-07-19T11:17:03,28500.0,20.65,S
2021-07-19T11:17:02,500.0,20.7,B
2021-07-19T11:16:57,400.0,20.7,B
2021-07-19T11:16:53,500.0,20.7,B
2021-07-19T11:16:36,100.0,20.7,B
2021-07-19T11:16:33,500.0,20.7,B
2021-07-19T11:16:31,500.0,20.7,B
2021-07-19T11:16:25,10000.0,20.7,B
2021-07-19T11:16:23,100.0,20.7,B
2021-07-19T11:16:23,4000.0,20.7,B
2021-07-19T11:16:17,1000.0,20.7,B
2021-07-19T11:16:16,300.0,20.7,B
2021-07-19T11:16:12,11900.0,20.7,S
2021-07-19T11:16:03,1200.0,20.7,S
2021-07-19T11:16:03,100.0,20.7,B
2021-07-19T11:15:54,1000.0,20.7,B
2021-07-19T11:15:54,5000.0,20.7,B
2021-07-19T11:15:54,500.0,20.7,B
2021-07-19T11:15:53,9000.0,20.65,S
2021-07-19T11:15:53,100.0,20.65,S
2021-07-19T11:15:53,300.0,20.65,S
2021-07-19T11:15:53,200.0,20.65,S
2021-07-19T11:15:49,1000.0,20.7,B
2021-07-19T11:15:48,2000.0,20.7,B
2021-07-19T11:15:44,1800.0,20.7,B
2021-07-19T11:15:43,100.0,20.7,B
2021-07-19T11:15:39,4700.0,20.7,B
2021-07-19T11:15:39,100.0,20.7,B
2021-07-19T11:15:39,200.0,20.7,B
2021-07-19T11:15:36,500.0,20.7,B
2021-07-19T11:15:25,2800.0,20.7,B
2021-07-19T11:15:25,2200.0,20.7,B
2021-07-19T11:15:11,100.0,20.7,B
2021-07-19T11:15:04,300.0,20.7,B
2021-07-19T11:15:04,1000.0,20.7,B
2021-07-19T11:14:59,20000.0,20.7,B
2021-07-19T11:14:54,500.0,20.7,B
2021-07-19T11:14:41,1300.0,20.65,S
2021-07-19T11:14:17,100.0,20.7,B
2021-07-19T11:13:59,4000.0,20.7,B
2021-07-19T11:13:59,1000.0,20.7,B
2021-07-19T11:13:57,200.0,20.7,B
2021-07-19T11:13:54,300.0,20.65,S
2021-07-19T11:13:52,20000.0,20.65,S
2021-07-19T11:13:41,400.0,20.7,B
2021-07-19T11:13:40,1000.0,20.7,B
2021-07-19T11:13:37,100.0,20.7,B
2021-07-19T11:13:34,500.0,20.7,B
2021-07-19T11:13:34,200.0,20.7,B
2021-07-19T11:13:31,100.0,20.7,B
2021-07-19T11:13:30,21300.0,20.7,S
2021-07-19T11:13:26,500.0,20.75,B
2021-07-19T11:13:25,200.0,20.75,B
2021-07-19T11:13:19,2000.0,20.75,B
2021-07-19T11:13:08,100.0,20.75,B
2021-07-19T11:12:54,1000.0,20.75,B
2021-07-19T11:12:51,400.0,20.7,S
2021-07-19T11:12:41,100.0,20.7,S
2021-07-19T11:12:40,1000.0,20.7,B
2021-07-19T11:12:39,300.0,20.7,B
2021-07-19T11:12:39,1500.0,20.7,S
2021-07-19T11:12:39,400.0,20.7,S
2021-07-19T11:12:39,4200.0,20.7,S
2021-07-19T11:12:18,100.0,20.75,B
2021-07-19T11:12:13,500.0,20.75,B
2021-07-19T11:12:12,1600.0,20.7,S
2021-07-19T11:12:11,700.0,20.7,S
2021-07-19T11:12:11,1200.0,20.7,S
2021-07-19T11:12:11,1000.0,20.7,S
2021-07-19T11:12:11,1000.0,20.7,S
2021-07-19T11:12:11,800.0,20.7,S
2021-07-19T11:12:11,400.0,20.7,S
2021-07-19T11:12:11,1100.0,20.7,S
2021-07-19T11:12:11,200.0,20.7,S
2021-07-19T11:12:11,2200.0,20.7,S
2021-07-19T11:12:11,300.0,20.7,S
2021-07-19T11:12:11,900.0,20.7,S
2021-07-19T11:12:11,100.0,20.7,S
2021-07-19T11:12:11,1100.0,20.7,S
2021-07-19T11:12:11,300.0,20.7,S
2021-07-19T11:12:11,400.0,20.7,S
2021-07-19T11:12:11,3200.0,20.7,S
2021-07-19T11:12:11,800.0,20.7,S
2021-07-19T11:12:11,4300.0,20.7,S
2021-07-19T11:12:10,500.0,20.75,B
2021-07-19T11:12:07,1000.0,20.75,B
2021-07-19T11:11:44,300.0,20.75,B
2021-07-19T11:11:40,3500.0,20.75,B
2021-07-19T11:11:40,21100.0,20.75,S
2021-07-19T11:11:40,100.0,20.75,S
2021-07-19T11:11:40,20100.0,20.75,S
2021-07-19T11:11:40,2800.0,20.75,S
2021-07-19T11:11:40,3000.0,20.75,S
2021-07-19T11:11:40,13900.0,20.75,S
2021-07-19T11:11:21,800.0,20.75,S
2021-07-19T11:11:08,2000.0,20.75,S
2021-07-19T11:10:58,10000.0,20.75,S
2021-07-19T11:10:31,1000.0,20.8,B
2021-07-19T11:10:24,1000.0,20.8,B
2021-07-19T11:10:22,500.0,20.8,B
2021-07-19T11:09:48,200.0,20.8,B
2021-07-19T11:09:42,1000.0,20.8,B
2021-07-19T11:09:35,200.0,20.8,B
2021-07-19T11:09:34,800.0,20.8,B
2021-07-19T11:09:25,100.0,20.8,S
2021-07-19T11:09:25,22600.0,20.8,S
2021-07-19T11:09:24,200.0,20.85,B
2021-07-19T11:09:00,600.0,20.8,S
2021-07-19T11:08:32,2000.0,20.8,S
2021-07-19T11:08:31,1100.0,20.8,S
2021-07-19T11:08:21,500.0,20.8,S
2021-07-19T11:08:21,400.0,20.8,S
2021-07-19T11:08:12,500.0,20.85,B
2021-07-19T11:07:56,500.0,20.8,S
2021-07-19T11:07:56,200.0,20.8,S
2021-07-19T11:07:56,2300.0,20.8,S
2021-07-19T11:07:19,8900.0,20.8,B
2021-07-19T11:07:13,10000.0,20.8,B
2021-07-19T11:07:06,500.0,20.8,B
2021-07-19T11:07:02,100.0,20.8,B
2021-07-19T11:06:54,100.0,20.8,B
2021-07-19T11:06:54,100.0,20.8,B
2021-07-19T11:06:50,500.0,20.8,B
2021-07-19T11:06:44,500.0,20.8,B
2021-07-19T11:06:44,100.0,20.8,B
2021-07-19T11:06:41,1000.0,20.8,B
2021-07-19T11:06:33,1500.0,20.8,B
2021-07-19T11:06:24,500.0,20.8,B
2021-07-19T11:06:20,100.0,20.8,B
2021-07-19T11:06:14,300.0,20.8,B
2021-07-19T11:06:11,1200.0,20.8,B
2021-07-19T11:05:36,900.0,20.8,S
2021-07-19T11:05:36,1500.0,20.8,S
2021-07-19T11:05:36,500.0,20.8,S
2021-07-19T11:05:36,800.0,20.8,S
2021-07-19T11:05:36,1200.0,20.8,S
2021-07-19T11:05:36,500.0,20.8,S
2021-07-19T11:05:36,4200.0,20.8,S
2021-07-19T11:05:36,100.0,20.8,S
2021-07-19T11:05:36,100.0,20.8,S
2021-07-19T11:05:36,20900.0,20.8,S
2021-07-19T11:05:36,5200.0,20.8,S
2021-07-19T11:05:36,2000.0,20.8,S
2021-07-19T11:05:36,3600.0,20.8,S
2021-07-19T11:05:36,3200.0,20.8,S
2021-07-19T11:05:36,1500.0,20.8,S
2021-07-19T11:05:36,300.0,20.8,S
2021-07-19T11:05:36,11400.0,20.8,S
2021-07-19T11:05:36,2600.0,20.8,S
2021-07-19T11:05:36,300.0,20.8,S
2021-07-19T11:05:36,1000.0,20.8,S
2021-07-19T11:05:36,12500.0,20.8,S
2021-07-19T11:05:36,11100.0,20.8,S
2021-07-19T11:05:36,100.0,20.8,S
2021-07-19T11:05:36,2800.0,20.8,S
2021-07-19T11:05:36,3200.0,20.8,S
2021-07-19T11:05:36,300.0,20.8,S
2021-07-19T11:05:36,500.0,20.8,S
2021-07-19T11:05:36,19600.0,20.8,S
2021-07-19T11:05:26,500.0,20.8,S
2021-07-19T11:05:19,900.0,20.8,S
2021-07-19T11:05:07,100.0,20.85,B
2021-07-19T11:04:34,100.0,20.85,B
2021-07-19T11:04:29,100.0,20.85,B
2021-07-19T11:04:29,200.0,20.85,B
2021-07-19T11:04:05,100.0,20.85,B
2021-07-19T11:03:54,1000.0,20.85,B
2021-07-19T11:03:09,100.0,20.85,B
2021-07-19T11:03:00,100.0,20.85,B
2021-07-19T11:02:59,5000.0,20.85,B
2021-07-19T11:02:41,200.0,20.85,B
2021-07-19T11:02:40,10000.0,20.85,B
2021-07-19T11:02:32,400.0,20.85,B
2021-07-19T11:02:14,1000.0,20.85,S
2021-07-19T11:02:14,23700.0,20.85,S
2021-07-19T11:02:09,4000.0,20.85,S
2021-07-19T11:01:59,3000.0,20.85,S
2021-07-19T11:01:57,500.0,20.85,S
2021-07-19T11:01:51,5600.0,20.85,S
2021-07-19T11:01:51,200.0,20.85,S
2021-07-19T11:01:51,14200.0,20.85,S
2021-07-19T11:01:28,3000.0,20.85,S
2021-07-19T11:01:15,3000.0,20.85,S
2021-07-19T11:01:09,300.0,20.9,B
2021-07-19T11:01:08,30000.0,20.85,S
2021-07-19T11:01:08,400.0,20.9,B
2021-07-19T11:00:57,1200.0,20.9,B
2021-07-19T11:00:55,2000.0,20.85,S
2021-07-19T11:00:54,200.0,20.9,B
2021-07-19T11:00:44,400.0,20.85,S
2021-07-19T11:00:44,400.0,20.85,S
2021-07-19T11:00:44,12000.0,20.85,S
2021-07-19T11:00:44,100.0,20.85,S
2021-07-19T11:00:44,400.0,20.85,S
2021-07-19T11:00:44,1500.0,20.85,S
2021-07-19T11:00:44,3300.0,20.85,S
2021-07-19T11:00:44,500.0,20.85,S
2021-07-19T11:00:44,1400.0,20.85,S
2021-07-19T11:00:25,3000.0,20.85,S
2021-07-19T11:00:12,10000.0,20.9,B
2021-07-19T11:00:05,100.0,20.85,S
2021-07-19T10:59:56,1200.0,20.85,S
2021-07-19T10:59:56,500.0,20.85,S
2021-07-19T10:59:56,3000.0,20.85,S
2021-07-19T10:59:56,800.0,20.85,S
2021-07-19T10:59:56,4000.0,20.85,S
2021-07-19T10:59:56,1200.0,20.85,S
2021-07-19T10:59:56,11600.0,20.85,S
2021-07-19T10:59:56,12000.0,20.85,S
2021-07-19T10:59:56,2100.0,20.85,S
2021-07-19T10:59:56,10000.0,20.85,S
2021-07-19T10:59:56,3600.0,20.85,S
2021-07-19T10:59:48,100.0,20.85,S
2021-07-19T10:59:19,900.0,20.85,S
2021-07-19T10:59:03,2000.0,20.85,S
2021-07-19T10:58:24,1000.0,20.85,S
2021-07-19T10:57:53,1000.0,20.85,S
2021-07-19T10:57:53,100.0,20.85,S
2021-07-19T10:57:52,1900.0,20.85,S
2021-07-19T10:57:52,100.0,20.85,S
2021-07-19T10:57:45,2000.0,20.85,S
2021-07-19T10:57:44,600.0,20.9,B
2021-07-19T10:57:13,7000.0,20.85,S
2021-07-19T10:57:13,500.0,20.85,S
2021-07-19T10:57:13,2500.0,20.85,S
2021-07-19T10:56:33,3000.0,20.9,B
2021-07-19T10:56:24,500.0,20.9,B
2021-07-19T10:56:04,3000.0,20.85,S
2021-07-19T10:55:20,200.0,20.9,B
2021-07-19T10:55:09,1000.0,20.9,B
2021-07-19T10:54:57,1000.0,20.85,S
2021-07-19T10:54:56,1700.0,20.85,S
2021-07-19T10:54:54,200.0,20.9,B
2021-07-19T10:53:54,2200.0,20.9,S
2021-07-19T10:53:26,900.0,20.9,B
2021-07-19T10:53:26,100.0,20.9,B
2021-07-19T10:53:19,100.0,20.9,S
2021-07-19T10:53:18,900.0,20.9,S
2021-07-19T10:53:13,1500.0,20.9,S
2021-07-19T10:53:09,100.0,20.9,S
2021-07-19T10:52:51,700.0,20.9,S
2021-07-19T10:52:51,1100.0,20.9,S
2021-07-19T10:52:51,100.0,20.9,S
2021-07-19T10:52:51,100.0,20.9,S
2021-07-19T10:52:44,500.0,20.9,S
2021-07-19T10:52:40,900.0,20.9,S
2021-07-19T10:51:49,3800.0,20.9,S
2021-07-19T10:51:49,500.0,20.9,B
2021-07-19T10:51:44,2000.0,20.9,B
2021-07-19T10:51:29,900.0,20.9,B
2021-07-19T10:51:19,100.0,20.9,B
2021-07-19T10:51:15,1800.0,20.9,B
2021-07-19T10:50:40,600.0,20.9,B
2021-07-19T10:50:10,400.0,20.9,B
2021-07-19T10:50:04,7400.0,20.9,S
2021-07-19T10:50:04,1100.0,20.9,S
2021-07-19T10:50:04,5000.0,20.9,S
2021-07-19T10:49:37,1500.0,20.9,S
2021-07-19T10:49:10,2400.0,20.9,S
2021-07-19T10:49:06,2400.0,20.9,B
2021-07-19T10:48:48,200.0,20.9,S
2021-07-19T10:48:34,9900.0,20.9,S
2021-07-19T10:48:34,1100.0,20.9,S
2021-07-19T10:48:34,1900.0,20.9,S
2021-07-19T10:48:34,66800.0,20.9,S
2021-07-19T10:48:34,22000.0,20.9,S
2021-07-19T10:48:34,30000.0,20.9,S
2021-07-19T10:48:34,21200.0,20.9,S
2021-07-19T10:48:34,22300.0,20.9,S
2021-07-19T10:48:34,10400.0,20.9,S
2021-07-19T10:48:34,12500.0,20.9,S
2021-07-19T10:48:34,1900.0,20.9,S
2021-07-19T10:47:59,100.0,20.95,B
2021-07-19T10:47:55,10000.0,20.95,B
2021-07-19T10:47:51,8400.0,20.9,S
2021-07-19T10:47:51,2000.0,20.9,S
2021-07-19T10:47:42,1000.0,20.95,B
2021-07-19T10:46:29,100.0,20.95,B
2021-07-19T10:46:08,1000.0,20.95,B
2021-07-19T10:46:04,11500.0,20.95,S
2021-07-19T10:45:47,2000.0,20.95,S
2021-07-19T10:45:39,2000.0,20.95,S
2021-07-19T10:45:28,5000.0,20.95,S
2021-07-19T10:45:23,10000.0,20.95,S
2021-07-19T10:45:11,1000.0,20.95,S
2021-07-19T10:44:58,3000.0,20.95,S
2021-07-19T10:44:50,3000.0,20.95,S
2021-07-19T10:44:41,100.0,20.95,S
2021-07-19T10:44:17,19500.0,20.95,B
2021-07-19T10:44:14,100.0,20.95,B
2021-07-19T10:44:03,100.0,20.95,B
2021-07-19T10:43:59,1000.0,20.95,B
2021-07-19T10:43:55,1400.0,20.95,B
2021-07-19T10:43:41,2000.0,20.95,B
2021-07-19T10:43:37,10000.0,20.95,B
2021-07-19T10:43:31,1000.0,20.95,B
2021-07-19T10:43:30,10000.0,20.95,B
2021-07-19T10:43:25,5000.0,20.95,S
2021-07-19T10:43:20,500.0,20.95,S
2021-07-19T10:42:51,3100.0,20.95,S
2021-07-19T10:42:51,1200.0,20.95,S
2021-07-19T10:42:51,900.0,20.95,S
2021-07-19T10:42:41,4100.0,20.95,S
2021-07-19T10:42:41,300.0,20.95,S
2021-07-19T10:42:41,600.0,20.95,S
2021-07-19T10:42:22,3000.0,20.95,S
2021-07-19T10:42:11,5000.0,20.95,S
2021-07-19T10:42:06,1400.0,20.95,B
2021-07-19T10:41:57,300.0,20.9,S
2021-07-19T10:41:54,300.0,20.95,B
2021-07-19T10:41:46,9300.0,20.95,B
2021-07-19T10:41:46,40700.0,20.95,B
2021-07-19T10:41:44,1000.0,20.9,S
2021-07-19T10:41:33,100.0,20.9,S
2021-07-19T10:41:22,100.0,20.95,B
2021-07-19T10:41:09,4900.0,20.95,B
2021-07-19T10:40:59,300.0,20.95,B
2021-07-19T10:40:55,4000.0,20.95,B
2021-07-19T10:40:53,200.0,20.95,B
2021-07-19T10:40:26,100.0,20.95,B
2021-07-19T10:40:17,700.0,20.9,S
2021-07-19T10:40:08,10000.0,20.95,B
2021-07-19T10:40:08,200.0,20.9,S
2021-07-19T10:40:05,10000.0,20.9,S
2021-07-19T10:40:04,600.0,20.95,B
2021-07-19T10:40:03,100.0,20.95,B
2021-07-19T10:39:24,1000.0,20.9,S
2021-07-19T10:39:09,20200.0,20.9,B
2021-07-19T10:39:08,400.0,20.9,B
2021-07-19T10:39:05,300.0,20.9,B
2021-07-19T10:39:04,10900.0,20.9,S
2021-07-19T10:39:04,100.0,20.9,S
2021-07-19T10:39:04,18100.0,20.9,S
2021-07-19T10:38:30,6900.0,20.9,S
2021-07-19T10:38:30,700.0,20.9,S
2021-07-19T10:38:30,5000.0,20.95,B
2021-07-19T10:38:23,500.0,20.95,B
2021-07-19T10:38:16,500.0,20.95,B
2021-07-19T10:38:16,1000.0,20.95,B
2021-07-19T10:38:16,3500.0,20.95,B
2021-07-19T10:38:14,100.0,20.9,S
2021-07-19T10:38:13,1000.0,20.9,S
2021-07-19T10:37:54,700.0,20.9,S
2021-07-19T10:37:33,1000.0,20.95,B
2021-07-19T10:37:13,500.0,20.95,B
2021-07-19T10:37:07,100.0,20.95,B
2021-07-19T10:36:59,1000.0,20.95,B
2021-07-19T10:36:30,100.0,20.95,B
2021-07-19T10:36:01,9400.0,20.95,B
2021-07-19T10:35:54,10200.0,20.9,S
2021-07-19T10:35:54,182500.0,20.9,S
2021-07-19T10:35:54,7300.0,20.9,S
2021-07-19T10:35:54,10000.0,20.95,B
2021-07-19T10:35:10,10000.0,20.9,S
2021-07-19T10:34:55,200.0,20.9,S
2021-07-19T10:34:49,200.0,20.9,B
2021-07-19T10:34:49,1500.0,20.9,B
2021-07-19T10:34:42,100.0,20.85,S
2021-07-19T10:34:41,5000.0,20.9,B
2021-07-19T10:34:38,10000.0,20.9,B
2021-07-19T10:34:29,11000.0,20.9,B
2021-07-19T10:34:28,500.0,20.9,B
2021-07-19T10:34:22,10000.0,20.9,B
2021-07-19T10:34:21,1600.0,20.9,B
2021-07-19T10:34:14,10000.0,20.9,B
2021-07-19T10:33:42,100.0,20.9,B
2021-07-19T10:33:25,200.0,20.9,B
2021-07-19T10:33:17,100.0,20.9,B
2021-07-19T10:32:52,100.0,20.9,B
2021-07-19T10:32:38,3000.0,20.85,S
2021-07-19T10:32:25,10000.0,20.85,S
2021-07-19T10:32:24,2000.0,20.85,S
2021-07-19T10:32:14,100.0,20.9,B
2021-07-19T10:31:29,4900.0,20.85,S
2021-07-19T10:31:27,200.0,20.9,B
2021-07-19T10:31:23,1000.0,20.9,B
2021-07-19T10:30:42,200.0,20.9,B
2021-07-19T10:30:39,2000.0,20.9,B
2021-07-19T10:30:35,500.0,20.9,B
2021-07-19T10:30:16,2000.0,20.9,B
2021-07-19T10:30:13,100.0,20.9,B
2021-07-19T10:30:07,200.0,20.9,B
2021-07-19T10:29:57,8600.0,20.9,S
2021-07-19T10:29:49,1400.0,20.9,B
2021-07-19T10:29:48,1600.0,20.9,B
2021-07-19T10:29:39,3400.0,20.9,B
2021-07-19T10:29:32,100.0,20.9,B
2021-07-19T10:29:21,100.0,20.85,S
2021-07-19T10:29:21,100.0,20.85,S
2021-07-19T10:29:20,500.0,20.9,B
2021-07-19T10:29:20,2000.0,20.9,B
2021-07-19T10:29:19,500.0,20.9,B
2021-07-19T10:29:11,1200.0,20.9,B
2021-07-19T10:29:09,400.0,20.9,B
2021-07-19T10:29:08,200.0,20.85,S
2021-07-19T10:28:56,5000.0,20.85,S
2021-07-19T10:28:56,100.0,20.9,B
2021-07-19T10:28:53,500.0,20.9,B
2021-07-19T10:28:48,2000.0,20.9,B
2021-07-19T10:28:42,1000.0,20.9,B
2021-07-19T10:28:26,1000.0,20.9,B
2021-07-19T10:28:19,300.0,20.9,B
2021-07-19T10:28:11,1000.0,20.9,B
2021-07-19T10:28:08,500.0,20.9,B
2021-07-19T10:27:56,3000.0,20.9,B
2021-07-19T10:27:56,22000.0,20.9,B
2021-07-19T10:27:56,13100.0,20.9,S
2021-07-19T10:27:39,2100.0,20.9,B
2021-07-19T10:27:36,2000.0,20.9,B
2021-07-19T10:27:33,5000.0,20.9,B
2021-07-19T10:27:28,1000.0,20.9,B
2021-07-19T10:27:25,500.0,20.9,B
2021-07-19T10:27:24,2000.0,20.9,B
2021-07-19T10:27:24,10000.0,20.9,B
2021-07-19T10:27:22,200.0,20.9,B
2021-07-19T10:27:19,7000.0,20.9,B
2021-07-19T10:27:19,200.0,20.9,B
2021-07-19T10:27:18,2800.0,20.9,B
2021-07-19T10:27:14,100.0,20.9,B
2021-07-19T10:27:11,10000.0,20.9,B
2021-07-19T10:27:05,500.0,20.9,B
2021-07-19T10:27:05,2000.0,20.9,B
2021-07-19T10:26:57,2600.0,20.9,B
2021-07-19T10:26:56,300.0,20.9,B
2021-07-19T10:26:46,2000.0,20.9,B
2021-07-19T10:26:27,900.0,20.85,S
2021-07-19T10:26:18,200.0,20.85,S
2021-07-19T10:25:48,100.0,20.85,S
2021-07-19T10:25:22,2000.0,20.85,S
2021-07-19T10:25:13,30000.0,20.9,B
2021-07-19T10:24:40,4600.0,20.85,S
2021-07-19T10:24:40,8900.0,20.85,S
2021-07-19T10:24:37,1300.0,20.85,S
2021-07-19T10:24:21,1500.0,20.85,S
2021-07-19T10:24:17,7500.0,20.85,B
2021-07-19T10:24:12,1000.0,20.85,S
2021-07-19T10:24:01,1900.0,20.8,S
2021-07-19T10:23:43,1100.0,20.8,S
2021-07-19T10:23:40,100.0,20.85,B
2021-07-19T10:23:27,400.0,20.85,S
2021-07-19T10:23:27,3700.0,20.85,S
2021-07-19T10:23:20,200.0,20.9,B
2021-07-19T10:23:14,13900.0,20.85,S
2021-07-19T10:22:58,100.0,20.9,B
2021-07-19T10:22:52,3000.0,20.85,S
2021-07-19T10:22:04,100.0,20.9,S
2021-07-19T10:21:49,53600.0,20.9,B
2021-07-19T10:21:45,200.0,20.85,S
2021-07-19T10:21:39,100.0,20.85,B
2021-07-19T10:21:33,300.0,20.85,B
2021-07-19T10:21:24,4400.0,20.8,S
2021-07-19T10:21:24,300.0,20.8,S
2021-07-19T10:21:24,8600.0,20.8,S
2021-07-19T10:21:22,1000.0,20.85,B
2021-07-19T10:21:19,1000.0,20.8,S
2021-07-19T10:21:17,6400.0,20.85,S
2021-07-19T10:21:04,2000.0,20.85,S
2021-07-19T10:21:00,100.0,20.85,S
2021-07-19T10:20:57,500.0,20.85,S
2021-07-19T10:20:41,3400.0,20.85,B
2021-07-19T10:20:12,200.0,20.85,B
2021-07-19T10:20:10,100.0,20.85,B
2021-07-19T10:20:09,1000.0,20.85,B
2021-07-19T10:20:02,100.0,20.85,B
2021-07-19T10:19:58,500.0,20.85,S
2021-07-19T10:19:54,500.0,20.85,B
2021-07-19T10:19:47,500.0,20.85,B
2021-07-19T10:19:19,14300.0,20.8,S
2021-07-19T10:19:19,500.0,20.85,S
2021-07-19T10:19:19,200.0,20.85,S
2021-07-19T10:18:55,100.0,20.85,B
2021-07-19T10:18:54,200.0,20.85,B
2021-07-19T10:18:52,1500.0,20.85,B
2021-07-19T10:18:50,100.0,20.85,B
2021-07-19T10:18:31,2000.0,20.85,B
2021-07-19T10:18:29,100.0,20.85,B
2021-07-19T10:18:29,7700.0,20.8,S
2021-07-19T10:18:29,700.0,20.8,S
2021-07-19T10:18:29,1100.0,20.8,S
2021-07-19T10:18:29,500.0,20.8,S
2021-07-19T10:18:26,1000.0,20.85,B
2021-07-19T10:18:16,2800.0,20.8,S
2021-07-19T10:18:16,5800.0,20.8,S
2021-07-19T10:18:16,6400.0,20.8,S
2021-07-19T10:18:14,500.0,20.8,S
2021-07-19T10:18:14,2500.0,20.8,S
2021-07-19T10:18:12,5000.0,20.85,B
2021-07-19T10:18:12,500.0,20.85,B
2021-07-19T10:18:07,300.0,20.8,S
2021-07-19T10:18:07,2000.0,20.8,S
2021-07-19T10:18:07,13100.0,20.8,S
2021-07-19T10:18:07,1600.0,20.8,S
2021-07-19T10:18:07,8000.0,20.8,S
2021-07-19T10:18:02,1500.0,20.85,B
2021-07-19T10:17:57,500.0,20.85,B
2021-07-19T10:17:49,1000.0,20.85,B
2021-07-19T10:17:48,100.0,20.85,B
2021-07-19T10:17:42,1000.0,20.85,S
2021-07-19T10:17:42,3000.0,20.85,S
2021-07-19T10:17:41,3000.0,20.85,S
2021-07-19T10:17:35,4500.0,20.85,S
2021-07-19T10:17:32,1000.0,20.85,S
2021-07-19T10:17:31,500.0,20.85,S
2021-07-19T10:17:13,3000.0,20.85,B
2021-07-19T10:17:08,200.0,20.8,S
2021-07-19T10:17:06,2000.0,20.8,S
2021-07-19T10:16:54,1000.0,20.9,B
2021-07-19T10:16:36,2000.0,20.85,S
2021-07-19T10:16:35,6100.0,20.8,S
2021-07-19T10:16:35,3100.0,20.8,S
2021-07-19T10:16:35,1300.0,20.8,S
2021-07-19T10:16:34,500.0,20.8,S
2021-07-19T10:16:34,2000.0,20.85,S
2021-07-19T10:16:34,3000.0,20.85,S
2021-07-19T10:16:34,12200.0,20.85,S
2021-07-19T10:16:34,21800.0,20.85,S
2021-07-19T10:16:24,600.0,20.85,S
2021-07-19T10:16:24,100.0,20.85,S
2021-07-19T10:16:24,4300.0,20.85,S
2021-07-19T10:15:59,1000.0,20.85,S
2021-07-19T10:15:49,500.0,20.85,S
2021-07-19T10:15:48,500.0,20.85,S
2021-07-19T10:15:15,24600.0,20.85,S
2021-07-19T10:15:15,11100.0,20.85,S
2021-07-19T10:14:53,3100.0,20.9,B
2021-07-19T10:14:48,500.0,20.9,B
2021-07-19T10:14:41,1500.0,20.9,B
2021-07-19T10:14:33,300.0,20.9,S
2021-07-19T10:14:33,21100.0,20.9,S
2021-07-19T10:14:33,13100.0,20.9,S
2021-07-19T10:14:33,10400.0,20.9,S
2021-07-19T10:14:25,1000.0,20.9,S
2021-07-19T10:14:17,2000.0,20.9,S
2021-07-19T10:14:16,500.0,20.9,S
2021-07-19T10:14:02,500.0,20.9,S
2021-07-19T10:13:41,500.0,20.9,S
2021-07-19T10:13:39,1000.0,20.9,S
2021-07-19T10:13:09,900.0,20.9,S
2021-07-19T10:13:09,1100.0,20.9,S
2021-07-19T10:12:24,700.0,20.9,S
2021-07-19T10:12:05,2500.0,20.9,S
2021-07-19T10:12:03,3400.0,20.9,S
2021-07-19T10:11:30,2000.0,20.9,S
2021-07-19T10:11:07,3000.0,20.9,S
2021-07-19T10:10:55,85800.0,20.9,S
2021-07-19T10:10:55,300.0,20.9,S
2021-07-19T10:10:55,200.0,20.9,S
2021-07-19T10:10:55,9700.0,20.9,S
2021-07-19T10:10:55,4000.0,20.9,S
2021-07-19T10:10:11,4300.0,20.9,S
2021-07-19T10:10:11,4100.0,20.95,S
2021-07-19T10:10:11,700.0,20.95,S
2021-07-19T10:10:11,900.0,20.95,S
2021-07-19T10:10:06,2000.0,20.95,S
2021-07-19T10:09:41,500.0,21.0,B
2021-07-19T10:09:37,100.0,20.95,S
2021-07-19T10:09:25,100.0,20.95,S
2021-07-19T10:09:01,500.0,20.95,S
2021-07-19T10:08:50,700.0,20.95,B
2021-07-19T10:08:40,500.0,20.95,B
2021-07-19T10:08:35,3000.0,20.9,S
2021-07-19T10:08:26,100.0,20.95,B
2021-07-19T10:07:53,100.0,20.95,S
2021-07-19T10:07:29,24600.0,20.95,S
2021-07-19T10:07:29,500.0,20.95,S
2021-07-19T10:07:29,600.0,20.95,S
2021-07-19T10:07:29,10100.0,20.95,S
2021-07-19T10:07:29,10300.0,20.95,S
2021-07-19T10:07:29,1000.0,20.95,S
2021-07-19T10:07:29,21000.0,20.95,S
2021-07-19T10:07:29,200.0,20.95,S
2021-07-19T10:07:29,300.0,20.95,S
2021-07-19T10:07:29,15400.0,20.95,S
2021-07-19T10:07:09,100.0,21.0,B
2021-07-19T10:07:05,20700.0,21.0,S
2021-07-19T10:07:05,10600.0,21.0,S
2021-07-19T10:07:05,2200.0,21.0,S
2021-07-19T10:07:05,10400.0,21.0,S
2021-07-19T10:07:05,9700.0,21.0,S
2021-07-19T10:06:27,3000.0,21.0,S
2021-07-19T10:06:25,300.0,21.05,B
2021-07-19T10:06:17,7000.0,21.0,S
2021-07-19T10:06:11,4000.0,21.0,S
2021-07-19T10:06:11,900.0,21.0,S
2021-07-19T10:06:11,3000.0,21.05,B
2021-07-19T10:06:03,100.0,21.05,B
2021-07-19T10:06:02,300.0,21.0,S
2021-07-19T10:06:02,900.0,21.0,S
2021-07-19T10:05:59,400.0,21.0,S
2021-07-19T10:05:46,1000.0,21.0,S
2021-07-19T10:05:37,400.0,21.0,S
2021-07-19T10:05:37,1600.0,21.0,S
2021-07-19T10:05:34,8400.0,21.0,S
2021-07-19T10:05:32,1300.0,21.05,B
2021-07-19T10:05:32,1700.0,21.05,B
2021-07-19T10:05:19,500.0,21.0,S
2021-07-19T10:05:19,200.0,21.0,S
2021-07-19T10:04:57,300.0,21.0,S
2021-07-19T10:04:38,3000.0,21.0,S
2021-07-19T10:04:17,2400.0,21.0,S
2021-07-19T10:04:17,11300.0,21.0,S
2021-07-19T10:04:17,6300.0,21.0,S
2021-07-19T10:04:10,1000.0,21.0,S
2021-07-19T10:03:45,100.0,21.0,S
2021-07-19T10:03:30,500.0,21.0,S
2021-07-19T10:03:30,1000.0,21.05,B
2021-07-19T10:03:18,5000.0,21.05,B
2021-07-19T10:02:32,5000.0,21.0,S
2021-07-19T10:02:12,4500.0,21.0,S
2021-07-19T10:01:57,8700.0,21.0,B
2021-07-19T10:01:56,1500.0,20.95,S
2021-07-19T10:01:55,100.0,21.0,B
2021-07-19T10:01:53,100.0,21.0,B
2021-07-19T10:01:51,3000.0,21.0,B
2021-07-19T10:01:48,5500.0,21.0,B
2021-07-19T10:01:48,3000.0,21.0,B
2021-07-19T10:01:48,1500.0,21.0,B
2021-07-19T10:01:47,2000.0,21.0,B
2021-07-19T10:01:38,10000.0,21.0,B
2021-07-19T10:01:34,3000.0,21.0,B
2021-07-19T10:01:27,800.0,21.0,B
2021-07-19T10:01:01,1600.0,20.95,S
2021-07-19T10:00:51,200.0,21.0,B
2021-07-19T10:00:50,500.0,21.0,B
2021-07-19T10:00:49,300.0,21.0,B
2021-07-19T10:00:48,100.0,21.0,B
2021-07-19T10:00:45,300.0,21.0,B
2021-07-19T10:00:41,10000.0,21.0,B
2021-07-19T10:00:36,10000.0,21.0,B
2021-07-19T10:00:31,300.0,21.0,B
2021-07-19T10:00:17,100.0,21.0,B
2021-07-19T09:59:53,100.0,21.0,B
2021-07-19T09:59:19,200.0,21.0,B
2021-07-19T09:59:02,500.0,21.0,B
2021-07-19T09:58:59,17900.0,21.0,S
2021-07-19T09:58:56,500.0,21.0,S
2021-07-19T09:58:53,10000.0,21.0,S
2021-07-19T09:58:30,100.0,21.0,S
2021-07-19T09:58:20,300.0,21.0,S
2021-07-19T09:58:02,4100.0,21.0,B
2021-07-19T09:58:01,1000.0,21.0,B
2021-07-19T09:57:58,20000.0,21.0,B
2021-07-19T09:57:50,100.0,21.0,B
2021-07-19T09:57:41,10000.0,21.0,B
2021-07-19T09:56:59,700.0,20.95,S
2021-07-19T09:56:47,5000.0,21.0,B
2021-07-19T09:56:40,900.0,20.95,S
2021-07-19T09:56:40,800.0,20.95,S
2021-07-19T09:56:40,100.0,20.95,S
2021-07-19T09:56:40,2200.0,20.95,S
2021-07-19T09:56:40,1100.0,20.95,S
2021-07-19T09:56:37,1500.0,20.95,S
2021-07-19T09:56:19,500.0,20.95,S
2021-07-19T09:56:18,800.0,20.95,S
2021-07-19T09:56:12,100.0,20.95,S
2021-07-19T09:55:53,600.0,20.95,S
2021-07-19T09:55:35,2000.0,21.0,B
2021-07-19T09:55:08,5000.0,21.0,B
2021-07-19T09:55:05,200.0,20.95,S
2021-07-19T09:54:55,1000.0,21.0,B
2021-07-19T09:54:52,1000.0,21.0,B
2021-07-19T09:54:45,1400.0,21.0,B
2021-07-19T09:54:28,100.0,21.0,B
2021-07-19T09:54:25,1400.0,21.0,B
2021-07-19T09:54:25,2000.0,20.95,S
2021-07-19T09:54:10,1000.0,21.0,B
2021-07-19T09:53:54,10000.0,21.0,B
2021-07-19T09:53:52,100.0,20.95,S
2021-07-19T09:53:43,100.0,21.0,B
2021-07-19T09:53:33,300.0,20.95,S
2021-07-19T09:53:24,10000.0,20.95,S
2021-07-19T09:53:24,800.0,20.95,S
2021-07-19T09:53:12,5700.0,20.95,S
2021-07-19T09:52:44,5100.0,20.95,S
2021-07-19T09:52:38,500.0,21.0,B
2021-07-19T09:52:36,400.0,21.0,B
2021-07-19T09:52:21,500.0,21.0,B
2021-07-19T09:52:12,100.0,21.0,B
2021-07-19T09:52:12,100.0,21.0,B
2021-07-19T09:52:11,200.0,21.0,B
2021-07-19T09:52:05,300.0,21.0,B
2021-07-19T09:51:54,500.0,21.0,B
2021-07-19T09:51:51,500.0,21.0,B
2021-07-19T09:51:41,100.0,21.0,B
2021-07-19T09:51:40,100.0,21.0,S
2021-07-19T09:51:30,2600.0,21.0,S
2021-07-19T09:51:23,2500.0,21.0,S
2021-07-19T09:51:23,2500.0,21.0,S
2021-07-19T09:51:17,200.0,21.05,B
2021-07-19T09:50:54,400.0,21.0,B
2021-07-19T09:50:54,900.0,21.0,B
2021-07-19T09:50:54,6200.0,21.0,B
2021-07-19T09:50:52,300.0,21.0,B
2021-07-19T09:50:47,1000.0,21.0,B
2021-07-19T09:50:45,100.0,21.0,B
2021-07-19T09:50:41,10000.0,21.0,B
2021-07-19T09:50:39,300.0,21.0,B
2021-07-19T09:50:25,10000.0,21.0,B
2021-07-19T09:50:22,2000.0,21.0,B
2021-07-19T09:50:20,10000.0,21.0,B
2021-07-19T09:49:52,2000.0,21.0,B
2021-07-19T09:49:46,10000.0,21.0,B
2021-07-19T09:49:31,200.0,21.0,B
2021-07-19T09:49:20,9100.0,20.95,B
2021-07-19T09:49:16,4000.0,20.95,B
2021-07-19T09:49:13,7400.0,20.95,B
2021-07-19T09:49:13,2600.0,20.95,B
2021-07-19T09:49:09,100.0,20.95,B
2021-07-19T09:48:46,1000.0,20.9,S
2021-07-19T09:48:45,1300.0,20.95,B
2021-07-19T09:48:20,100.0,20.9,S
2021-07-19T09:48:17,200.0,20.9,S
2021-07-19T09:48:16,400.0,20.9,B
2021-07-19T09:48:10,800.0,20.9,B
2021-07-19T09:48:07,10000.0,20.9,B
2021-07-19T09:48:03,500.0,20.9,B
2021-07-19T09:47:33,200.0,20.85,S
2021-07-19T09:47:28,5000.0,20.85,S
2021-07-19T09:47:23,42400.0,20.85,B
2021-07-19T09:47:21,2000.0,20.85,B
2021-07-19T09:47:20,10000.0,20.85,B
2021-07-19T09:47:03,500.0,20.85,B
2021-07-19T09:47:03,2000.0,20.85,B
2021-07-19T09:46:55,100.0,20.85,B
2021-07-19T09:46:53,200.0,20.85,B
2021-07-19T09:46:44,300.0,20.85,B
2021-07-19T09:46:43,100.0,20.85,B
2021-07-19T09:46:42,100.0,20.85,B
2021-07-19T09:46:19,500.0,20.85,S
2021-07-19T09:46:19,500.0,20.85,S
2021-07-19T09:46:19,600.0,20.85,S
2021-07-19T09:46:19,3800.0,20.85,S
2021-07-19T09:46:19,1000.0,20.85,S
2021-07-19T09:46:19,10900.0,20.85,S
2021-07-19T09:45:59,900.0,20.85,S
2021-07-19T09:45:55,100.0,20.85,S
2021-07-19T09:45:54,1400.0,20.85,S
2021-07-19T09:45:54,1100.0,20.85,S
2021-07-19T09:45:54,300.0,20.85,S
2021-07-19T09:45:49,400.0,20.9,B
2021-07-19T09:45:48,500.0,20.9,B
2021-07-19T09:45:43,2800.0,20.85,S
2021-07-19T09:45:39,1000.0,20.85,S
2021-07-19T09:45:36,5000.0,20.85,S
2021-07-19T09:45:20,4800.0,20.85,S
2021-07-19T09:45:20,1200.0,20.85,S
2021-07-19T09:45:00,300.0,20.85,S
2021-07-19T09:45:00,300.0,20.85,S
2021-07-19T09:44:41,100.0,20.85,S
2021-07-19T09:44:38,2100.0,20.85,S
2021-07-19T09:44:27,200.0,20.85,S
2021-07-19T09:44:26,200.0,20.85,S
2021-07-19T09:44:19,7100.0,20.85,S
2021-07-19T09:44:16,200.0,20.85,S
2021-07-19T09:43:54,3000.0,20.85,S
2021-07-19T09:43:52,4300.0,20.9,B
2021-07-19T09:43:47,100.0,20.9,B
2021-07-19T09:43:41,1000.0,20.9,B
2021-07-19T09:43:32,3000.0,20.85,S
2021-07-19T09:43:26,20000.0,20.9,S
2021-07-19T09:43:14,2000.0,20.95,S
2021-07-19T09:43:01,500.0,20.9,S
2021-07-19T09:42:54,2300.0,20.9,B
2021-07-19T09:42:51,3000.0,20.9,B
2021-07-19T09:42:49,400.0,20.85,S
2021-07-19T09:42:45,100.0,20.85,S
2021-07-19T09:42:44,2000.0,20.9,B
2021-07-19T09:42:40,100.0,20.85,S
2021-07-19T09:42:37,200.0,20.9,B
2021-07-19T09:42:21,700.0,20.8,S
2021-07-19T09:42:21,300.0,20.8,S
2021-07-19T09:42:21,30100.0,20.8,S
2021-07-19T09:42:21,2900.0,20.8,S
2021-07-19T09:42:21,3300.0,20.8,S
2021-07-19T09:42:21,1200.0,20.8,S
2021-07-19T09:42:21,2100.0,20.8,S
2021-07-19T09:42:21,9400.0,20.8,S
2021-07-19T09:42:18,4200.0,20.85,B
2021-07-19T09:42:16,300.0,20.8,S
2021-07-19T09:42:15,1000.0,20.8,S
2021-07-19T09:42:12,100.0,20.8,S
2021-07-19T09:42:11,100.0,20.85,B
2021-07-19T09:41:51,2000.0,20.85,B
2021-07-19T09:41:49,3800.0,20.85,S
2021-07-19T09:41:33,19000.0,20.85,S
2021-07-19T09:41:33,2400.0,20.9,S
2021-07-19T09:41:33,2000.0,20.9,S
2021-07-19T09:41:33,600.0,20.9,S
2021-07-19T09:41:33,1000.0,20.9,S
2021-07-19T09:41:32,7500.0,20.9,S
2021-07-19T09:41:31,6000.0,20.95,B
2021-07-19T09:41:27,2000.0,20.9,S
2021-07-19T09:41:19,500.0,20.9,S
2021-07-19T09:41:12,500.0,20.95,B
2021-07-19T09:41:08,100.0,20.95,S
2021-07-19T09:41:08,500.0,20.95,S
2021-07-19T09:41:04,500.0,20.95,S
2021-07-19T09:40:57,1800.0,20.95,S
2021-07-19T09:40:54,10000.0,21.0,B
2021-07-19T09:40:51,300.0,21.0,S
2021-07-19T09:40:51,500.0,21.0,S
2021-07-19T09:40:51,900.0,21.0,S
2021-07-19T09:40:51,1500.0,21.0,S
2021-07-19T09:40:51,3100.0,21.0,S
2021-07-19T09:40:51,300.0,21.0,S
2021-07-19T09:40:51,11200.0,21.0,S
2021-07-19T09:40:51,800.0,21.0,S
2021-07-19T09:40:51,4800.0,21.0,S
2021-07-19T09:40:51,6100.0,21.0,S
2021-07-19T09:40:51,500.0,21.0,S
2021-07-19T09:40:51,200.0,21.0,S
2021-07-19T09:40:51,100.0,21.0,S
2021-07-19T09:40:51,100.0,21.0,S
2021-07-19T09:40:51,1300.0,21.0,S
2021-07-19T09:40:51,50500.0,21.05,S
2021-07-19T09:40:51,6500.0,21.05,S
2021-07-19T09:40:51,100.0,21.1,B
2021-07-19T09:40:49,1000.0,21.1,B
2021-07-19T09:40:43,100.0,21.1,B
2021-07-19T09:40:42,300.0,21.05,S
2021-07-19T09:40:38,2000.0,21.05,S
2021-07-19T09:40:34,3400.0,21.05,S
2021-07-19T09:40:34,100.0,21.05,S
2021-07-19T09:40:34,21500.0,21.05,S
2021-07-19T09:40:34,100.0,21.1,B
2021-07-19T09:40:31,100.0,21.1,B
2021-07-19T09:40:07,2000.0,21.1,S
2021-07-19T09:40:04,300.0,21.1,S
2021-07-19T09:40:04,200.0,21.1,S
2021-07-19T09:40:04,4500.0,21.1,S
2021-07-19T09:39:52,500.0,21.15,B
