tradingTime,volume,price,side
2021-07-19T14:48:49,2000.0,8.2,S
2021-07-19T14:47:01,1000.0,8.2,S
2021-07-19T14:46:19,3000.0,8.2,S
2021-07-19T14:45:49,1000.0,8.3,B
2021-07-19T14:45:39,100.0,8.2,S
2021-07-19T14:42:14,1000.0,8.2,S
2021-07-19T14:40:14,100.0,8.3,B
2021-07-19T14:37:59,100.0,8.3,B
2021-07-19T14:37:54,5000.0,8.2,S
2021-07-19T14:35:34,1000.0,8.2,S
2021-07-19T14:35:19,100.0,8.3,B
2021-07-19T14:30:24,3000.0,8.3,B
2021-07-19T14:29:14,900.0,8.3,B
2021-07-19T14:25:06,3900.0,8.3,S
2021-07-19T14:24:55,100.0,8.3,S
2021-07-19T14:24:43,3000.0,8.4,B
2021-07-19T14:24:28,2600.0,8.3,S
2021-07-19T14:23:49,300.0,8.3,S
2021-07-19T14:14:33,100.0,8.4,B
2021-07-19T14:14:04,1000.0,8.4,B
2021-07-19T14:10:07,100.0,8.4,B
2021-07-19T14:01:27,100.0,8.4,B
2021-07-19T13:56:44,700.0,8.3,B
2021-07-19T13:56:42,3000.0,8.3,B
2021-07-19T13:54:27,5000.0,8.3,B
2021-07-19T13:54:20,100.0,8.3,B
2021-07-19T13:43:12,100.0,8.3,B
2021-07-19T13:42:13,300.0,8.3,S
2021-07-19T13:42:05,2000.0,8.3,S
2021-07-19T13:40:37,1500.0,8.3,S
2021-07-19T13:40:21,3000.0,8.3,S
2021-07-19T13:37:32,26900.0,8.3,S
2021-07-19T13:36:26,1000.0,8.3,S
2021-07-19T13:34:15,5000.0,8.3,S
2021-07-19T13:32:42,1000.0,8.3,S
2021-07-19T13:26:11,600.0,8.3,S
2021-07-19T13:25:24,1000.0,8.3,S
2021-07-19T13:23:34,200.0,8.3,S
2021-07-19T13:22:32,20000.0,8.3,S
2021-07-19T13:22:13,6000.0,8.3,S
2021-07-19T13:22:12,100.0,8.4,B
2021-07-19T13:21:06,1000.0,8.3,S
2021-07-19T13:17:26,12800.0,8.3,S
2021-07-19T13:14:48,2700.0,8.3,S
2021-07-19T13:14:46,10000.0,8.4,B
2021-07-19T13:14:00,10000.0,8.4,B
2021-07-19T13:12:46,100.0,8.3,S
2021-07-19T13:12:13,3500.0,8.3,S
2021-07-19T13:10:39,200.0,8.3,S
2021-07-19T13:09:31,400.0,8.3,S
2021-07-19T13:06:05,100.0,8.3,S
2021-07-19T13:02:57,3000.0,8.3,S
2021-07-19T13:00:32,1400.0,8.4,B
2021-07-19T13:00:21,100.0,8.4,B
2021-07-19T13:00:18,11300.0,8.4,S
2021-07-19T13:00:18,3500.0,8.4,S
2021-07-19T13:00:15,200.0,8.4,S
2021-07-19T11:27:18,400.0,8.4,S
2021-07-19T11:23:36,900.0,8.4,S
2021-07-19T11:22:57,1000.0,8.4,S
2021-07-19T11:05:04,5000.0,8.5,B
2021-07-19T11:02:14,1000.0,8.4,S
2021-07-19T10:55:55,1000.0,8.4,S
2021-07-19T10:55:35,3000.0,8.4,S
2021-07-19T10:48:18,100.0,8.5,B
2021-07-19T10:42:08,1000.0,8.5,B
2021-07-19T10:41:29,500.0,8.5,B
2021-07-19T10:33:06,700.0,8.4,B
2021-07-19T10:32:41,100.0,8.4,B
2021-07-19T10:32:04,2000.0,8.4,B
2021-07-19T10:31:44,200.0,8.4,B
2021-07-19T10:30:39,800.0,8.3,S
2021-07-19T10:24:04,300.0,8.3,S
2021-07-19T10:19:47,4000.0,8.3,S
2021-07-19T10:16:45,100.0,8.4,B
2021-07-19T10:16:39,100.0,8.4,B
2021-07-19T10:15:32,300.0,8.4,S
2021-07-19T10:15:06,5000.0,8.4,S
2021-07-19T10:12:18,3000.0,8.4,S
2021-07-19T10:12:10,1500.0,8.4,S
2021-07-19T10:12:09,5000.0,8.4,S
2021-07-19T10:11:11,6500.0,8.4,S
2021-07-19T10:06:29,700.0,8.4,S
2021-07-19T10:03:18,300.0,8.4,S
2021-07-19T10:03:12,1400.0,8.4,S
2021-07-19T10:01:58,5000.0,8.4,S
2021-07-19T09:56:02,5800.0,8.5,B
2021-07-19T09:54:01,500.0,8.4,S
2021-07-19T09:52:56,900.0,8.4,B
2021-07-19T09:52:37,1000.0,8.4,B
2021-07-19T09:52:10,100.0,8.4,B
2021-07-19T09:51:09,500.0,8.4,B
2021-07-19T09:49:54,27500.0,8.4,S
2021-07-19T09:49:22,100.0,8.5,B
2021-07-19T09:48:54,200.0,8.5,B
2021-07-19T09:46:48,500.0,8.5,S
2021-07-19T09:45:17,100.0,8.5,S
2021-07-19T09:39:52,2000.0,8.6,B
2021-07-19T09:37:39,1500.0,8.5,B
2021-07-19T09:35:05,500.0,8.5,S
2021-07-19T09:34:36,19000.0,8.5,S
2021-07-19T09:34:15,3000.0,8.6,B
2021-07-19T09:31:28,5000.0,8.6,B
2021-07-19T09:29:16,500.0,8.6,B
2021-07-19T09:23:40,500.0,8.6,B
2021-07-19T09:22:09,100.0,8.6,B
2021-07-19T09:21:00,900.0,8.6,S
2021-07-19T09:18:48,600.0,8.6,B
2021-07-19T09:16:57,800.0,8.5,S
2021-07-19T09:12:28,100.0,8.5,B
2021-07-19T09:10:29,900.0,8.4,S
2021-07-19T09:09:26,3000.0,8.4,S
2021-07-19T09:05:38,2000.0,8.4,S
2021-07-19T09:05:29,1000.0,8.4,S
2021-07-19T09:05:16,5200.0,8.4,S
2021-07-19T09:04:45,300.0,8.4,B
2021-07-19T09:04:45,100.0,8.4,B
2021-07-19T09:04:35,100.0,8.4,B
2021-07-19T09:04:28,4500.0,8.4,S
2021-07-19T09:03:09,700.0,8.4,S
2021-07-19T09:03:08,100.0,8.7,S
2021-07-19T09:00:44,200.0,8.8,S
2021-07-19T09:00:34,300.0,8.9,B
2021-07-19T09:00:22,100.0,8.9,B
