tradingTime,volume,price,side
2021-07-19T14:29:43,300.0,3.17,B
2021-07-19T14:29:39,31800.0,3.17,B
2021-07-19T14:29:37,400.0,3.17,B
2021-07-19T14:29:14,1000.0,3.17,B
2021-07-19T14:29:04,200.0,3.17,B
2021-07-19T14:28:34,20000.0,3.17,B
2021-07-19T14:28:31,100.0,3.17,B
2021-07-19T14:27:41,2000.0,3.17,B
2021-07-19T14:27:13,100.0,3.17,B
2021-07-19T14:27:11,5000.0,3.17,B
2021-07-19T14:27:05,100.0,3.17,B
2021-07-19T14:26:48,100.0,3.17,B
2021-07-19T14:26:34,800.0,3.17,B
2021-07-19T14:26:20,100.0,3.17,B
2021-07-19T14:25:38,2400.0,3.17,B
2021-07-19T14:25:20,1000.0,3.17,B
2021-07-19T14:25:16,300.0,3.17,B
2021-07-19T14:24:51,500.0,3.17,B
2021-07-19T14:24:34,500.0,3.17,B
2021-07-19T14:24:28,100.0,3.17,B
2021-07-19T14:23:55,100.0,3.17,B
2021-07-19T14:23:53,200.0,3.17,B
2021-07-19T14:23:41,1000.0,3.17,B
2021-07-19T14:23:17,2000.0,3.17,B
2021-07-19T14:23:08,17300.0,3.17,B
2021-07-19T14:22:42,1000.0,3.17,B
2021-07-19T14:22:33,5000.0,3.17,B
2021-07-19T14:22:33,500.0,3.17,B
2021-07-19T14:22:00,10000.0,3.17,B
2021-07-19T14:22:00,1500.0,3.17,B
2021-07-19T14:21:26,100.0,3.17,B
2021-07-19T14:21:01,100.0,3.17,B
2021-07-19T14:20:49,100.0,3.17,B
2021-07-19T14:20:21,300.0,3.17,B
2021-07-19T14:19:36,100.0,3.17,B
2021-07-19T14:19:34,700.0,3.17,B
2021-07-19T14:19:32,200.0,3.17,B
2021-07-19T14:19:27,1500.0,3.17,B
2021-07-19T14:19:07,3000.0,3.17,B
2021-07-19T14:18:54,700.0,3.17,B
2021-07-19T14:18:52,3000.0,3.17,B
2021-07-19T14:18:50,100.0,3.17,B
2021-07-19T14:18:50,100.0,3.17,B
2021-07-19T14:18:30,300.0,3.17,B
2021-07-19T14:18:25,1000.0,3.17,B
2021-07-19T14:18:07,1000.0,3.17,B
2021-07-19T14:17:58,2000.0,3.17,B
2021-07-19T14:16:48,500.0,3.17,B
2021-07-19T14:16:42,700.0,3.17,B
2021-07-19T14:16:13,5500.0,3.17,B
2021-07-19T14:15:35,1000.0,3.17,B
2021-07-19T14:15:27,1000.0,3.17,B
2021-07-19T14:15:18,2000.0,3.17,B
2021-07-19T14:15:07,2800.0,3.17,B
2021-07-19T14:14:51,2000.0,3.17,B
2021-07-19T14:13:56,200.0,3.17,B
2021-07-19T14:13:51,300.0,3.17,B
2021-07-19T14:13:46,100.0,3.17,B
2021-07-19T14:13:34,800.0,3.17,B
2021-07-19T14:13:22,300.0,3.17,B
2021-07-19T14:13:13,500.0,3.17,B
2021-07-19T14:12:46,100.0,3.17,B
2021-07-19T14:12:46,3100.0,3.17,B
2021-07-19T14:12:42,100.0,3.17,B
2021-07-19T14:12:24,1000.0,3.17,B
2021-07-19T14:12:18,2000.0,3.17,B
2021-07-19T14:12:15,2900.0,3.17,B
2021-07-19T14:11:56,500.0,3.17,B
2021-07-19T14:11:54,400.0,3.17,B
2021-07-19T14:11:47,5100.0,3.17,B
2021-07-19T14:11:47,2200.0,3.17,S
2021-07-19T14:10:41,100.0,3.17,B
2021-07-19T14:10:13,1900.0,3.17,B
2021-07-19T14:10:03,2000.0,3.17,B
2021-07-19T14:10:01,21100.0,3.17,B
2021-07-19T14:09:39,19100.0,3.17,B
2021-07-19T14:09:35,100.0,3.17,B
2021-07-19T14:09:30,300.0,3.17,B
2021-07-19T14:09:30,800.0,3.17,B
2021-07-19T14:09:24,400.0,3.17,B
2021-07-19T14:08:56,300.0,3.17,B
2021-07-19T14:08:54,29000.0,3.17,S
2021-07-19T14:07:54,6100.0,3.17,S
2021-07-19T14:07:34,6200.0,3.17,S
2021-07-19T14:07:34,1600.0,3.17,S
2021-07-19T14:07:34,6100.0,3.17,S
2021-07-19T14:06:37,10000.0,3.17,S
2021-07-19T14:06:22,900.0,3.17,S
2021-07-19T14:06:22,100.0,3.17,S
2021-07-19T14:06:22,1000.0,3.17,S
2021-07-19T14:03:56,4400.0,3.17,B
2021-07-19T14:03:46,100.0,3.17,B
2021-07-19T14:03:32,500.0,3.17,B
2021-07-19T14:03:32,100.0,3.17,B
2021-07-19T14:03:25,1200.0,3.17,B
2021-07-19T14:03:13,500.0,3.17,B
2021-07-19T14:03:06,5700.0,3.17,S
2021-07-19T14:02:57,10000.0,3.18,B
2021-07-19T14:01:51,8000.0,3.17,S
2021-07-19T14:01:51,6000.0,3.17,S
2021-07-19T14:01:51,11000.0,3.17,S
2021-07-19T14:01:51,10100.0,3.17,S
2021-07-19T14:01:51,14000.0,3.17,S
2021-07-19T14:01:51,11400.0,3.17,S
2021-07-19T14:01:51,2700.0,3.17,S
2021-07-19T14:01:51,1500.0,3.17,S
2021-07-19T14:01:51,400.0,3.17,S
2021-07-19T14:01:51,1500.0,3.17,S
2021-07-19T14:01:51,7100.0,3.17,S
2021-07-19T14:01:51,7200.0,3.17,S
2021-07-19T14:01:51,9900.0,3.17,S
2021-07-19T14:01:51,3500.0,3.17,S
2021-07-19T14:01:51,5700.0,3.17,S
2021-07-19T14:01:39,10000.0,3.18,B
2021-07-19T14:01:24,2000.0,3.18,B
2021-07-19T14:01:23,5000.0,3.18,B
2021-07-19T14:01:13,100.0,3.18,B
2021-07-19T14:00:42,100.0,3.18,B
2021-07-19T14:00:32,12000.0,3.17,S
2021-07-19T14:00:26,300.0,3.17,S
2021-07-19T14:00:16,100.0,3.17,S
2021-07-19T14:00:16,100.0,3.18,B
2021-07-19T13:58:34,22300.0,3.18,S
2021-07-19T13:58:24,1000.0,3.19,B
2021-07-19T13:58:12,1800.0,3.19,B
2021-07-19T13:57:30,400.0,3.18,S
2021-07-19T13:57:14,100.0,3.18,S
2021-07-19T13:56:25,2200.0,3.18,S
2021-07-19T13:56:25,800.0,3.18,S
2021-07-19T13:55:46,9300.0,3.18,S
2021-07-19T13:55:39,1000.0,3.18,B
2021-07-19T13:55:29,10000.0,3.18,B
2021-07-19T13:55:17,6600.0,3.18,B
2021-07-19T13:55:14,100.0,3.18,B
2021-07-19T13:54:56,100.0,3.17,S
2021-07-19T13:54:46,36000.0,3.17,S
2021-07-19T13:54:20,2300.0,3.17,S
2021-07-19T13:54:00,8000.0,3.17,S
2021-07-19T13:52:26,100.0,3.18,B
2021-07-19T13:52:10,200.0,3.18,B
2021-07-19T13:52:05,100.0,3.18,B
2021-07-19T13:51:56,1800.0,3.18,B
2021-07-19T13:51:46,2000.0,3.18,S
2021-07-19T13:51:34,1200.0,3.18,B
2021-07-19T13:51:24,1000.0,3.18,B
2021-07-19T13:50:39,10000.0,3.17,S
2021-07-19T13:50:37,2000.0,3.18,B
2021-07-19T13:50:12,10000.0,3.17,S
2021-07-19T13:49:57,40000.0,3.18,B
2021-07-19T13:49:44,2900.0,3.17,S
2021-07-19T13:48:14,2000.0,3.17,S
2021-07-19T13:48:03,2000.0,3.18,B
2021-07-19T13:47:52,36700.0,3.17,S
2021-07-19T13:47:52,800.0,3.17,S
2021-07-19T13:47:51,11300.0,3.17,S
2021-07-19T13:47:33,300.0,3.18,B
2021-07-19T13:47:25,300.0,3.18,B
2021-07-19T13:46:19,1000.0,3.17,S
2021-07-19T13:45:53,1400.0,3.17,B
2021-07-19T13:45:35,200.0,3.17,S
2021-07-19T13:44:26,2000.0,3.18,B
2021-07-19T13:44:11,10000.0,3.18,B
2021-07-19T13:43:31,200.0,3.17,B
2021-07-19T13:43:25,1000.0,3.17,B
2021-07-19T13:43:19,600.0,3.17,S
2021-07-19T13:43:19,1300.0,3.17,S
2021-07-19T13:43:17,1000.0,3.18,B
2021-07-19T13:43:08,12200.0,3.17,S
2021-07-19T13:43:05,100000.0,3.17,S
2021-07-19T13:41:44,500.0,3.17,B
2021-07-19T13:41:44,200.0,3.17,B
2021-07-19T13:41:43,400.0,3.17,B
2021-07-19T13:41:30,100.0,3.17,B
2021-07-19T13:41:24,2000.0,3.17,B
2021-07-19T13:40:59,3700.0,3.17,B
2021-07-19T13:40:06,10300.0,3.17,B
2021-07-19T13:39:59,100.0,3.17,S
2021-07-19T13:39:45,100.0,3.17,B
2021-07-19T13:39:45,900.0,3.17,B
2021-07-19T13:39:45,300.0,3.17,B
2021-07-19T13:39:28,1000.0,3.17,B
2021-07-19T13:39:21,1000.0,3.17,B
2021-07-19T13:39:18,5000.0,3.17,B
2021-07-19T13:38:54,10100.0,3.17,B
2021-07-19T13:38:51,100.0,3.17,S
2021-07-19T13:38:51,1000.0,3.17,S
2021-07-19T13:38:51,9800.0,3.17,S
2021-07-19T13:38:19,500.0,3.17,B
2021-07-19T13:38:18,1000.0,3.17,B
2021-07-19T13:38:17,5000.0,3.17,B
2021-07-19T13:38:16,200.0,3.17,B
2021-07-19T13:38:16,500.0,3.17,B
2021-07-19T13:38:12,2000.0,3.17,B
2021-07-19T13:38:07,2000.0,3.17,B
2021-07-19T13:37:55,5000.0,3.17,B
2021-07-19T13:37:43,100.0,3.17,B
2021-07-19T13:37:42,1000.0,3.17,B
2021-07-19T13:37:41,10000.0,3.17,B
2021-07-19T13:37:38,100.0,3.17,B
2021-07-19T13:37:36,5000.0,3.17,B
2021-07-19T13:37:35,600.0,3.17,B
2021-07-19T13:37:32,100.0,3.17,B
2021-07-19T13:37:26,50000.0,3.17,B
2021-07-19T13:37:14,300.0,3.17,B
2021-07-19T13:37:13,2000.0,3.17,B
2021-07-19T13:37:08,1000.0,3.17,B
2021-07-19T13:37:04,700.0,3.17,B
2021-07-19T13:37:02,400.0,3.17,B
2021-07-19T13:36:43,1000.0,3.17,B
2021-07-19T13:36:40,100.0,3.17,B
2021-07-19T13:36:37,200.0,3.17,B
2021-07-19T13:36:35,1700.0,3.17,B
2021-07-19T13:36:25,9500.0,3.17,S
2021-07-19T13:36:12,2500.0,3.18,B
2021-07-19T13:35:59,1000.0,3.17,S
2021-07-19T13:35:54,6000.0,3.17,S
2021-07-19T13:35:54,200.0,3.17,S
2021-07-19T13:35:54,100.0,3.17,S
2021-07-19T13:35:54,23700.0,3.17,S
2021-07-19T13:35:35,1200.0,3.17,S
2021-07-19T13:35:14,1200.0,3.17,S
2021-07-19T13:35:14,1800.0,3.17,S
2021-07-19T13:34:08,10000.0,3.17,S
2021-07-19T13:33:51,100.0,3.19,B
2021-07-19T13:33:36,10000.0,3.17,S
2021-07-19T13:33:35,10000.0,3.17,S
2021-07-19T13:33:22,100.0,3.17,S
2021-07-19T13:33:22,700.0,3.17,S
2021-07-19T13:33:22,1000.0,3.17,S
2021-07-19T13:33:22,1000.0,3.17,S
2021-07-19T13:33:22,1600.0,3.17,S
2021-07-19T13:33:22,15100.0,3.17,S
2021-07-19T13:33:22,31100.0,3.17,S
2021-07-19T13:33:22,2400.0,3.17,S
2021-07-19T13:33:22,700.0,3.17,S
2021-07-19T13:33:22,29600.0,3.17,S
2021-07-19T13:33:22,800.0,3.17,S
2021-07-19T13:33:22,5900.0,3.17,S
2021-07-19T13:32:28,1300.0,3.19,B
2021-07-19T13:31:57,100.0,3.19,B
2021-07-19T13:31:35,100.0,3.19,B
2021-07-19T13:31:34,100.0,3.18,S
2021-07-19T13:31:13,1000.0,3.19,B
2021-07-19T13:30:50,1000.0,3.17,S
2021-07-19T13:30:18,400.0,3.17,S
2021-07-19T13:30:18,100.0,3.17,S
2021-07-19T13:30:18,17100.0,3.17,S
2021-07-19T13:30:18,1500.0,3.17,S
2021-07-19T13:30:18,1800.0,3.17,S
2021-07-19T13:30:18,400.0,3.17,S
2021-07-19T13:30:18,10300.0,3.17,S
2021-07-19T13:30:18,24200.0,3.17,S
2021-07-19T13:30:18,3900.0,3.17,S
2021-07-19T13:30:18,500.0,3.17,S
2021-07-19T13:30:18,1400.0,3.17,S
2021-07-19T13:30:18,10500.0,3.17,S
2021-07-19T13:30:18,600.0,3.17,S
2021-07-19T13:30:18,27400.0,3.17,S
2021-07-19T13:30:18,100.0,3.17,S
2021-07-19T13:30:18,13900.0,3.17,S
2021-07-19T13:30:18,5100.0,3.17,S
2021-07-19T13:30:18,13400.0,3.17,S
2021-07-19T13:29:53,6000.0,3.19,B
2021-07-19T13:29:11,200.0,3.17,S
2021-07-19T13:29:01,600.0,3.17,S
2021-07-19T13:28:13,13400.0,3.17,S
2021-07-19T13:28:13,20000.0,3.17,S
2021-07-19T13:28:13,1000.0,3.17,S
2021-07-19T13:28:13,2200.0,3.17,S
2021-07-19T13:28:13,600.0,3.17,S
2021-07-19T13:28:13,1500.0,3.17,S
2021-07-19T13:28:13,800.0,3.17,S
2021-07-19T13:28:13,35000.0,3.17,S
2021-07-19T13:28:13,5000.0,3.17,S
2021-07-19T13:28:13,7700.0,3.17,S
2021-07-19T13:28:13,1500.0,3.17,S
2021-07-19T13:28:13,1100.0,3.17,S
2021-07-19T13:28:13,200.0,3.17,S
2021-07-19T13:28:13,5000.0,3.17,S
2021-07-19T13:28:13,1200.0,3.17,S
2021-07-19T13:28:13,5000.0,3.17,S
2021-07-19T13:28:13,2000.0,3.17,S
2021-07-19T13:28:13,5200.0,3.17,S
2021-07-19T13:28:13,1200.0,3.17,S
2021-07-19T13:28:13,3200.0,3.17,S
2021-07-19T13:28:13,1400.0,3.17,S
2021-07-19T13:28:13,10000.0,3.17,S
2021-07-19T13:28:13,100.0,3.17,S
2021-07-19T13:28:13,400.0,3.17,S
2021-07-19T13:28:13,8100.0,3.17,S
2021-07-19T13:28:13,1100.0,3.17,S
2021-07-19T13:28:13,2000.0,3.17,S
2021-07-19T13:28:13,2500.0,3.17,S
2021-07-19T13:28:13,35500.0,3.17,S
2021-07-19T13:28:13,5000.0,3.17,S
2021-07-19T13:28:13,1100.0,3.17,S
2021-07-19T13:27:15,5100.0,3.18,S
2021-07-19T13:27:15,12300.0,3.18,S
2021-07-19T13:27:15,28400.0,3.18,S
2021-07-19T13:26:57,200.0,3.18,S
2021-07-19T13:26:45,500.0,3.19,B
2021-07-19T13:25:58,1000.0,3.18,S
2021-07-19T13:25:33,4500.0,3.19,B
2021-07-19T13:25:05,7800.0,3.18,S
2021-07-19T13:24:59,5000.0,3.18,S
2021-07-19T13:23:37,10300.0,3.18,S
2021-07-19T13:23:37,10500.0,3.18,S
2021-07-19T13:23:37,300.0,3.18,S
2021-07-19T13:23:37,10000.0,3.18,S
2021-07-19T13:23:37,2000.0,3.18,S
2021-07-19T13:23:37,80700.0,3.18,S
2021-07-19T13:23:37,6200.0,3.18,S
2021-07-19T13:23:36,2500.0,3.19,B
2021-07-19T13:23:29,200.0,3.19,B
2021-07-19T13:23:26,5000.0,3.19,B
2021-07-19T13:22:51,400.0,3.19,B
2021-07-19T13:22:33,100.0,3.19,B
2021-07-19T13:22:13,300.0,3.19,B
2021-07-19T13:21:55,100.0,3.19,B
2021-07-19T13:21:49,6000.0,3.19,B
2021-07-19T13:21:39,17300.0,3.19,S
2021-07-19T13:19:30,32700.0,3.19,B
2021-07-19T13:18:55,1900.0,3.19,B
2021-07-19T13:18:47,100.0,3.19,B
2021-07-19T13:18:31,100.0,3.19,B
2021-07-19T13:18:23,15200.0,3.19,S
2021-07-19T13:18:22,100.0,3.2,B
2021-07-19T13:16:47,100.0,3.19,S
2021-07-19T13:16:16,3000.0,3.2,B
2021-07-19T13:15:24,2000.0,3.2,B
2021-07-19T13:15:14,5000.0,3.2,B
2021-07-19T13:14:39,100.0,3.2,B
2021-07-19T13:14:22,500.0,3.2,B
2021-07-19T13:13:36,1000.0,3.19,S
2021-07-19T13:13:23,100.0,3.2,S
2021-07-19T13:13:18,4000.0,3.19,S
2021-07-19T13:10:57,300.0,3.19,S
2021-07-19T13:10:33,1000.0,3.19,B
2021-07-19T13:09:58,500.0,3.18,S
2021-07-19T13:09:43,6000.0,3.18,S
2021-07-19T13:09:43,100.0,3.18,S
2021-07-19T13:09:27,4100.0,3.19,B
2021-07-19T13:09:15,200.0,3.19,B
2021-07-19T13:09:13,3000.0,3.19,B
2021-07-19T13:09:08,7000.0,3.19,B
2021-07-19T13:08:59,11200.0,3.19,S
2021-07-19T13:08:35,16100.0,3.19,S
2021-07-19T13:08:11,1200.0,3.19,S
2021-07-19T13:07:38,500.0,3.19,S
2021-07-19T13:07:07,26500.0,3.19,S
2021-07-19T13:07:07,6200.0,3.19,S
2021-07-19T13:07:07,12200.0,3.19,S
2021-07-19T13:07:07,11200.0,3.19,S
2021-07-19T13:07:07,25000.0,3.19,S
2021-07-19T13:07:07,18900.0,3.19,S
2021-07-19T13:06:59,100.0,3.21,B
2021-07-19T13:05:54,100.0,3.21,B
2021-07-19T13:05:31,200.0,3.21,B
2021-07-19T13:05:27,1200.0,3.2,S
2021-07-19T13:05:27,300.0,3.2,S
2021-07-19T13:05:27,26600.0,3.2,S
2021-07-19T13:05:27,6800.0,3.2,S
2021-07-19T13:05:27,5200.0,3.2,S
2021-07-19T13:05:27,5000.0,3.2,S
2021-07-19T13:05:27,100.0,3.2,S
2021-07-19T13:05:27,100.0,3.2,S
2021-07-19T13:05:27,600.0,3.2,S
2021-07-19T13:05:27,2100.0,3.2,S
2021-07-19T13:05:27,11700.0,3.2,S
2021-07-19T13:05:27,1200.0,3.2,S
2021-07-19T13:05:27,2200.0,3.2,S
2021-07-19T13:05:27,3000.0,3.2,S
2021-07-19T13:05:27,4300.0,3.2,S
2021-07-19T13:05:27,500.0,3.2,S
2021-07-19T13:05:01,22400.0,3.21,S
2021-07-19T13:05:01,20600.0,3.21,S
2021-07-19T13:05:01,500.0,3.21,S
2021-07-19T13:05:01,2400.0,3.21,S
2021-07-19T13:05:01,7800.0,3.22,S
2021-07-19T13:04:58,5000.0,3.22,S
2021-07-19T13:04:35,2000.0,3.23,S
2021-07-19T13:04:11,3000.0,3.23,S
2021-07-19T13:04:00,2000.0,3.23,S
2021-07-19T13:03:35,900.0,3.23,B
2021-07-19T13:03:30,11900.0,3.22,S
2021-07-19T13:03:16,400.0,3.22,S
2021-07-19T13:03:03,300.0,3.23,B
2021-07-19T13:02:57,300.0,3.23,B
2021-07-19T13:01:31,1000.0,3.23,S
2021-07-19T13:01:06,900.0,3.23,S
2021-07-19T13:01:05,3600.0,3.23,S
2021-07-19T13:00:32,4000.0,3.23,S
2021-07-19T13:00:15,200.0,3.23,S
2021-07-19T13:00:15,500.0,3.23,B
2021-07-19T13:00:15,1700.0,3.23,B
2021-07-19T11:31:17,100.0,3.23,B
2021-07-19T11:29:16,800.0,3.22,S
2021-07-19T11:29:16,200.0,3.22,S
2021-07-19T11:29:15,100.0,3.23,B
2021-07-19T11:28:29,5000.0,3.23,B
2021-07-19T11:28:21,700.0,3.23,B
2021-07-19T11:28:04,1200.0,3.23,S
2021-07-19T11:28:04,7000.0,3.23,S
2021-07-19T11:27:33,1000.0,3.24,B
2021-07-19T11:27:14,3200.0,3.24,S
2021-07-19T11:26:02,800.0,3.24,S
2021-07-19T11:25:10,1000.0,3.24,B
2021-07-19T11:24:18,200.0,3.24,S
2021-07-19T11:23:39,800.0,3.24,S
2021-07-19T11:23:02,10500.0,3.24,S
2021-07-19T11:23:02,700.0,3.24,S
2021-07-19T11:23:02,200.0,3.24,S
2021-07-19T11:23:02,12800.0,3.24,S
2021-07-19T11:21:45,300.0,3.24,S
2021-07-19T11:20:51,1000.0,3.25,B
2021-07-19T11:20:45,1000.0,3.25,B
2021-07-19T11:19:59,10000.0,3.25,B
2021-07-19T11:18:59,1000.0,3.25,B
2021-07-19T11:18:45,2000.0,3.25,B
2021-07-19T11:18:15,1000.0,3.25,B
2021-07-19T11:13:37,5100.0,3.24,S
2021-07-19T11:12:49,800.0,3.25,S
2021-07-19T11:10:07,3000.0,3.25,B
2021-07-19T11:10:07,200.0,3.25,B
2021-07-19T11:09:34,100.0,3.25,B
2021-07-19T11:07:46,2000.0,3.25,B
2021-07-19T11:05:19,200.0,3.25,B
2021-07-19T11:05:05,10000.0,3.24,S
2021-07-19T11:04:54,5000.0,3.24,B
2021-07-19T11:04:40,35000.0,3.24,B
2021-07-19T11:04:19,700.0,3.24,S
2021-07-19T11:03:50,100.0,3.24,S
2021-07-19T11:00:50,39300.0,3.24,B
2021-07-19T11:00:25,30000.0,3.24,B
2021-07-19T11:00:01,10000.0,3.24,S
2021-07-19T10:58:20,100.0,3.23,S
2021-07-19T10:57:45,13000.0,3.23,S
2021-07-19T10:57:26,800.0,3.24,B
2021-07-19T10:56:05,200.0,3.24,S
2021-07-19T10:53:34,7600.0,3.24,S
2021-07-19T10:53:34,1400.0,3.24,S
2021-07-19T10:53:34,1000.0,3.24,S
2021-07-19T10:51:40,1000.0,3.25,B
2021-07-19T10:51:36,300.0,3.25,B
2021-07-19T10:48:06,2900.0,3.24,B
2021-07-19T10:46:53,100.0,3.22,S
2021-07-19T10:46:35,22600.0,3.22,S
2021-07-19T10:46:35,29400.0,3.23,S
2021-07-19T10:46:28,2000.0,3.25,B
2021-07-19T10:45:45,100.0,3.25,B
2021-07-19T10:45:26,1000.0,3.25,B
2021-07-19T10:44:52,2000.0,3.26,B
2021-07-19T10:44:20,2000.0,3.25,B
2021-07-19T10:44:00,8200.0,3.25,B
2021-07-19T10:44:00,1800.0,3.25,B
2021-07-19T10:43:52,100.0,3.25,B
2021-07-19T10:43:39,500.0,3.25,S
2021-07-19T10:43:38,7600.0,3.25,S
2021-07-19T10:43:27,10000.0,3.26,B
2021-07-19T10:42:39,400.0,3.26,B
2021-07-19T10:41:31,2000.0,3.26,B
2021-07-19T10:41:02,1000.0,3.26,B
2021-07-19T10:40:47,1000.0,3.26,B
2021-07-19T10:39:55,23700.0,3.24,S
2021-07-19T10:39:53,100.0,3.24,B
2021-07-19T10:39:10,2200.0,3.24,B
2021-07-19T10:38:59,300.0,3.24,B
2021-07-19T10:38:38,300.0,3.24,B
2021-07-19T10:38:37,3500.0,3.23,S
2021-07-19T10:38:24,100.0,3.24,B
2021-07-19T10:37:58,2000.0,3.24,S
2021-07-19T10:37:58,100.0,3.24,S
2021-07-19T10:37:58,10300.0,3.24,S
2021-07-19T10:37:58,10900.0,3.25,S
2021-07-19T10:37:54,500.0,3.26,B
2021-07-19T10:37:49,1100.0,3.25,S
2021-07-19T10:37:42,1500.0,3.25,B
2021-07-19T10:36:54,14100.0,3.24,S
2021-07-19T10:36:54,10900.0,3.24,S
2021-07-19T10:36:12,1000.0,3.26,B
2021-07-19T10:35:52,200.0,3.26,B
2021-07-19T10:35:20,200.0,3.25,S
2021-07-19T10:35:14,10000.0,3.25,S
2021-07-19T10:34:19,100.0,3.25,S
2021-07-19T10:33:00,200.0,3.26,B
2021-07-19T10:32:48,400.0,3.25,S
2021-07-19T10:32:35,1900.0,3.25,B
2021-07-19T10:32:22,2000.0,3.25,B
2021-07-19T10:31:18,1100.0,3.25,S
2021-07-19T10:31:11,2000.0,3.26,B
2021-07-19T10:30:18,100.0,3.26,B
2021-07-19T10:29:37,500.0,3.26,B
2021-07-19T10:28:19,30000.0,3.26,B
2021-07-19T10:28:07,1000.0,3.25,B
2021-07-19T10:27:14,4000.0,3.26,B
2021-07-19T10:27:03,24100.0,3.24,S
2021-07-19T10:26:52,100.0,3.26,B
2021-07-19T10:26:23,1000.0,3.26,B
2021-07-19T10:26:11,100.0,3.25,S
2021-07-19T10:25:14,19800.0,3.25,B
2021-07-19T10:25:14,100.0,3.25,B
2021-07-19T10:24:17,100.0,3.25,B
2021-07-19T10:23:16,100.0,3.24,S
2021-07-19T10:22:52,5800.0,3.24,S
2021-07-19T10:22:52,2500.0,3.25,S
2021-07-19T10:22:52,1700.0,3.25,S
2021-07-19T10:22:39,11800.0,3.25,S
2021-07-19T10:19:51,1200.0,3.24,B
2021-07-19T10:19:44,2500.0,3.24,B
2021-07-19T10:19:34,200.0,3.24,B
2021-07-19T10:18:55,3100.0,3.24,S
2021-07-19T10:17:34,900.0,3.24,S
2021-07-19T10:17:34,100.0,3.24,S
2021-07-19T10:16:49,1900.0,3.24,B
2021-07-19T10:16:37,1000.0,3.24,B
2021-07-19T10:16:27,5000.0,3.24,B
2021-07-19T10:15:04,1000.0,3.23,S
2021-07-19T10:14:14,200.0,3.23,S
2021-07-19T10:14:00,1100.0,3.24,B
2021-07-19T10:12:24,3000.0,3.24,B
2021-07-19T10:11:34,1000.0,3.24,B
2021-07-19T10:11:19,100.0,3.24,B
2021-07-19T10:10:11,3300.0,3.24,B
2021-07-19T10:09:26,500.0,3.24,B
2021-07-19T10:08:32,100.0,3.24,B
2021-07-19T10:08:03,100.0,3.24,B
2021-07-19T10:07:54,4900.0,3.24,B
2021-07-19T10:07:42,10000.0,3.24,B
2021-07-19T10:07:38,100.0,3.24,S
2021-07-19T10:07:05,8200.0,3.25,S
2021-07-19T10:06:05,5000.0,3.25,S
2021-07-19T10:05:19,16800.0,3.25,B
2021-07-19T10:04:28,5000.0,3.25,B
2021-07-19T10:04:09,3200.0,3.23,S
2021-07-19T10:04:03,3000.0,3.25,S
2021-07-19T10:04:03,700.0,3.25,S
2021-07-19T10:03:49,10000.0,3.26,B
2021-07-19T10:02:49,100.0,3.26,B
2021-07-19T10:02:43,100.0,3.25,S
2021-07-19T10:02:09,700.0,3.26,B
2021-07-19T10:01:46,20000.0,3.25,S
2021-07-19T10:00:49,5000.0,3.26,B
2021-07-19T10:00:48,5000.0,3.25,S
2021-07-19T10:00:09,500.0,3.25,B
2021-07-19T10:00:07,500.0,3.25,B
2021-07-19T09:59:15,4500.0,3.25,B
2021-07-19T09:59:00,2500.0,3.25,B
2021-07-19T09:59:00,2500.0,3.25,B
2021-07-19T09:57:42,200.0,3.25,B
2021-07-19T09:56:56,4800.0,3.25,B
2021-07-19T09:56:08,200.0,3.26,B
2021-07-19T09:55:41,15200.0,3.25,B
2021-07-19T09:54:52,500.0,3.25,B
2021-07-19T09:54:28,300.0,3.23,S
2021-07-19T09:52:11,100.0,3.25,B
2021-07-19T09:52:08,600.0,3.25,B
2021-07-19T09:51:05,500.0,3.25,B
2021-07-19T09:51:00,6000.0,3.25,B
2021-07-19T09:50:09,500.0,3.25,B
2021-07-19T09:49:46,1000.0,3.23,S
2021-07-19T09:49:41,500.0,3.24,B
2021-07-19T09:49:10,16100.0,3.23,S
2021-07-19T09:49:06,600.0,3.23,B
2021-07-19T09:49:01,100.0,3.22,S
2021-07-19T09:48:58,400.0,3.23,B
2021-07-19T09:48:28,12000.0,3.22,S
2021-07-19T09:48:27,200.0,3.22,S
2021-07-19T09:48:26,2700.0,3.22,S
2021-07-19T09:48:15,900.0,3.22,S
2021-07-19T09:47:43,9900.0,3.2,S
2021-07-19T09:47:42,100.0,3.22,B
2021-07-19T09:47:34,100.0,3.2,S
2021-07-19T09:47:33,100.0,3.22,B
2021-07-19T09:47:21,8100.0,3.2,B
2021-07-19T09:47:06,200.0,3.2,S
2021-07-19T09:47:05,2600.0,3.19,S
2021-07-19T09:47:05,25500.0,3.2,S
2021-07-19T09:47:05,1400.0,3.2,S
2021-07-19T09:47:05,100.0,3.2,S
2021-07-19T09:47:05,2100.0,3.2,S
2021-07-19T09:47:05,5700.0,3.2,S
2021-07-19T09:47:05,22600.0,3.2,S
2021-07-19T09:46:55,1300.0,3.21,S
2021-07-19T09:46:55,8700.0,3.21,S
2021-07-19T09:46:29,1000.0,3.23,B
2021-07-19T09:46:23,1000.0,3.22,S
2021-07-19T09:45:03,2000.0,3.23,S
2021-07-19T09:45:03,1400.0,3.23,S
2021-07-19T09:45:03,1000.0,3.23,S
2021-07-19T09:45:03,500.0,3.23,S
2021-07-19T09:44:58,100.0,3.24,B
2021-07-19T09:44:29,2800.0,3.24,S
2021-07-19T09:44:21,100.0,3.25,B
2021-07-19T09:44:20,100.0,3.25,B
2021-07-19T09:44:16,100.0,3.25,B
2021-07-19T09:44:07,200.0,3.25,B
2021-07-19T09:43:43,200.0,3.25,B
2021-07-19T09:43:24,100.0,3.25,B
2021-07-19T09:43:09,400.0,3.24,S
2021-07-19T09:43:09,5000.0,3.25,B
2021-07-19T09:43:03,100.0,3.25,B
2021-07-19T09:42:54,7000.0,3.24,S
2021-07-19T09:42:39,2200.0,3.24,S
2021-07-19T09:42:39,2800.0,3.24,S
2021-07-19T09:42:38,1000.0,3.25,B
2021-07-19T09:42:36,100.0,3.24,S
2021-07-19T09:42:20,500.0,3.25,B
2021-07-19T09:42:07,100.0,3.25,B
2021-07-19T09:41:40,4600.0,3.25,S
2021-07-19T09:41:26,1000.0,3.26,B
2021-07-19T09:41:24,6300.0,3.25,S
2021-07-19T09:41:24,6100.0,3.25,S
2021-07-19T09:41:19,5000.0,3.25,S
2021-07-19T09:41:17,1000.0,3.26,B
2021-07-19T09:39:45,300.0,3.26,B
2021-07-19T09:39:17,700.0,3.26,S
2021-07-19T09:38:59,100.0,3.26,S
2021-07-19T09:38:41,500.0,3.26,S
2021-07-19T09:35:47,800.0,3.27,S
2021-07-19T09:35:23,100.0,3.27,S
2021-07-19T09:34:51,200.0,3.26,B
2021-07-19T09:34:51,1000.0,3.26,B
2021-07-19T09:34:07,3800.0,3.26,S
2021-07-19T09:33:59,4700.0,3.27,B
2021-07-19T09:33:56,200.0,3.26,S
2021-07-19T09:33:40,100.0,3.27,B
2021-07-19T09:33:24,200.0,3.27,S
2021-07-19T09:33:23,100.0,3.27,S
2021-07-19T09:32:53,200.0,3.27,S
2021-07-19T09:32:47,600.0,3.26,B
2021-07-19T09:32:43,4400.0,3.26,S
2021-07-19T09:32:33,300.0,3.28,B
2021-07-19T09:32:13,600.0,3.27,B
2021-07-19T09:32:13,1000.0,3.27,B
2021-07-19T09:31:38,1000.0,3.27,B
2021-07-19T09:31:20,2900.0,3.26,S
2021-07-19T09:30:54,4900.0,3.26,B
2021-07-19T09:30:53,2000.0,3.26,B
2021-07-19T09:30:32,100.0,3.26,B
2021-07-19T09:29:32,200.0,3.25,S
2021-07-19T09:28:52,100.0,3.26,B
2021-07-19T09:28:42,200.0,3.26,B
2021-07-19T09:28:30,1000.0,3.26,B
2021-07-19T09:28:13,4700.0,3.26,S
2021-07-19T09:27:57,200.0,3.27,B
2021-07-19T09:27:52,400.0,3.26,S
2021-07-19T09:27:33,100.0,3.27,B
2021-07-19T09:27:31,700.0,3.26,S
2021-07-19T09:27:25,200.0,3.26,S
2021-07-19T09:27:25,100.0,3.26,S
2021-07-19T09:27:04,100.0,3.26,S
2021-07-19T09:26:46,2600.0,3.24,S
2021-07-19T09:26:46,12400.0,3.25,S
2021-07-19T09:26:32,1000.0,3.27,B
2021-07-19T09:26:11,3200.0,3.26,S
2021-07-19T09:25:51,1300.0,3.26,S
2021-07-19T09:25:24,2000.0,3.26,B
2021-07-19T09:25:24,4000.0,3.26,B
2021-07-19T09:25:24,37400.0,3.26,B
2021-07-19T09:25:17,100.0,3.25,S
2021-07-19T09:25:17,3000.0,3.26,B
2021-07-19T09:24:47,200.0,3.25,S
2021-07-19T09:24:24,700.0,3.25,S
2021-07-19T09:24:20,900.0,3.25,B
2021-07-19T09:23:53,500.0,3.25,B
2021-07-19T09:23:50,4600.0,3.25,B
2021-07-19T09:23:49,1000.0,3.25,B
2021-07-19T09:23:35,1000.0,3.25,B
2021-07-19T09:23:21,200.0,3.24,B
2021-07-19T09:23:16,100.0,3.24,S
2021-07-19T09:23:03,6100.0,3.25,S
2021-07-19T09:23:03,2000.0,3.25,S
2021-07-19T09:23:03,300.0,3.25,S
2021-07-19T09:23:03,4100.0,3.25,S
2021-07-19T09:22:50,5000.0,3.26,B
2021-07-19T09:22:48,40000.0,3.26,B
2021-07-19T09:22:30,100.0,3.26,B
2021-07-19T09:22:23,10000.0,3.26,B
2021-07-19T09:22:21,5000.0,3.26,B
2021-07-19T09:22:12,600.0,3.25,S
2021-07-19T09:22:12,400.0,3.25,S
2021-07-19T09:22:12,6800.0,3.25,S
2021-07-19T09:22:11,800.0,3.25,S
2021-07-19T09:21:30,800.0,3.25,S
2021-07-19T09:21:26,300.0,3.25,S
2021-07-19T09:21:07,300.0,3.25,S
2021-07-19T09:21:06,2000.0,3.27,B
2021-07-19T09:19:47,100.0,3.27,B
2021-07-19T09:19:23,10000.0,3.25,S
2021-07-19T09:19:04,1000.0,3.26,S
2021-07-19T09:18:57,100.0,3.27,B
2021-07-19T09:18:14,300.0,3.25,S
2021-07-19T09:17:22,6600.0,3.25,S
2021-07-19T09:16:59,200.0,3.27,S
2021-07-19T09:16:42,500.0,3.27,S
2021-07-19T09:16:38,5800.0,3.27,B
2021-07-19T09:16:35,100.0,3.26,B
2021-07-19T09:16:27,100.0,3.27,B
2021-07-19T09:15:53,100.0,3.27,B
2021-07-19T09:15:37,100.0,3.27,B
2021-07-19T09:15:13,200.0,3.27,B
