tradingTime,volume,price,side
2021-07-19T14:28:25,600.0,6.24,B
2021-07-19T14:27:20,1000.0,6.24,B
2021-07-19T14:26:32,1000.0,6.24,B
2021-07-19T14:21:17,200.0,6.24,B
2021-07-19T14:15:46,100.0,6.24,B
2021-07-19T14:14:35,3000.0,6.24,B
2021-07-19T14:03:30,500.0,6.24,B
2021-07-19T14:02:52,1800.0,6.24,B
2021-07-19T14:02:33,200.0,6.24,B
2021-07-19T14:01:51,100.0,6.24,B
2021-07-19T14:01:23,6000.0,6.24,B
2021-07-19T14:00:42,1500.0,6.24,B
2021-07-19T13:58:19,200.0,6.24,B
2021-07-19T13:56:38,1000.0,6.24,B
2021-07-19T13:50:58,1000.0,6.24,B
2021-07-19T13:49:21,200.0,6.24,B
2021-07-19T13:46:07,100.0,6.24,B
2021-07-19T13:44:56,400.0,6.24,B
2021-07-19T13:34:07,1000.0,6.24,B
2021-07-19T13:26:33,500.0,6.24,B
2021-07-19T13:25:36,1000.0,6.24,B
2021-07-19T13:24:55,700.0,6.24,B
2021-07-19T13:12:48,20000.0,6.24,B
2021-07-19T13:11:55,1400.0,6.24,B
2021-07-19T13:11:32,500.0,6.24,B
2021-07-19T13:09:03,9000.0,6.24,B
2021-07-19T13:04:29,500.0,6.24,B
2021-07-19T13:02:21,500.0,6.24,B
2021-07-19T13:00:24,200.0,6.24,B
2021-07-19T13:00:15,200.0,6.24,B
2021-07-19T13:00:15,100.0,6.24,B
2021-07-19T13:00:13,1000.0,6.24,B
2021-07-19T13:00:07,1000.0,6.24,B
2021-07-19T13:00:07,10000.0,6.24,B
2021-07-19T11:31:17,100.0,6.24,B
2021-07-19T11:27:49,100.0,6.24,B
2021-07-19T11:27:10,100.0,6.24,B
2021-07-19T11:26:32,5000.0,6.24,B
2021-07-19T11:25:57,400.0,6.24,B
2021-07-19T11:21:24,100.0,6.24,B
2021-07-19T11:21:09,10000.0,6.24,B
2021-07-19T11:10:05,300.0,6.24,B
2021-07-19T11:08:06,400.0,6.24,B
2021-07-19T11:08:01,2000.0,6.24,B
2021-07-19T11:07:59,10000.0,6.24,B
2021-07-19T11:06:14,100.0,6.24,B
2021-07-19T11:06:01,400.0,6.24,S
2021-07-19T11:05:36,5000.0,6.24,B
2021-07-19T11:05:19,10300.0,6.24,S
2021-07-19T11:05:07,8000.0,6.24,S
2021-07-19T11:04:59,1700.0,6.24,S
2021-07-19T11:04:23,300.0,6.24,B
2021-07-19T11:04:05,300.0,6.24,B
2021-07-19T11:04:04,1100.0,6.24,B
2021-07-19T11:03:14,300.0,6.24,S
2021-07-19T11:03:00,1700.0,6.24,S
2021-07-19T11:02:59,1500.0,6.24,S
2021-07-19T11:02:16,500.0,6.24,B
2021-07-19T11:01:08,1500.0,6.24,B
2021-07-19T11:00:15,3000.0,6.24,S
2021-07-19T10:59:50,2500.0,6.24,S
2021-07-19T10:58:44,4000.0,6.24,S
2021-07-19T10:58:30,15000.0,6.24,S
2021-07-19T10:58:20,20000.0,6.24,S
2021-07-19T10:58:13,10600.0,6.24,B
2021-07-19T10:57:44,10000.0,6.24,B
2021-07-19T10:57:29,900.0,6.24,B
2021-07-19T10:56:45,1000.0,6.24,B
2021-07-19T10:56:34,2800.0,6.24,B
2021-07-19T10:56:01,500.0,6.24,S
2021-07-19T10:56:01,9200.0,6.24,S
2021-07-19T10:55:00,2400.0,6.24,B
2021-07-19T10:54:31,400.0,6.24,B
2021-07-19T10:54:28,100.0,6.24,B
2021-07-19T10:53:34,2900.0,6.24,B
2021-07-19T10:53:26,300.0,6.24,B
2021-07-19T10:53:18,300.0,6.24,B
2021-07-19T10:53:09,3600.0,6.24,B
2021-07-19T10:52:54,100.0,6.24,S
2021-07-19T10:52:36,1300.0,6.24,S
2021-07-19T10:52:03,100.0,6.24,S
2021-07-19T10:52:03,3000.0,6.24,S
2021-07-19T10:52:03,9100.0,6.24,S
2021-07-19T10:51:58,5000.0,6.24,S
2021-07-19T10:50:04,100.0,6.24,S
2021-07-19T10:49:53,300.0,6.24,S
2021-07-19T10:49:53,200.0,6.24,S
2021-07-19T10:49:53,1500.0,6.24,S
2021-07-19T10:49:45,100.0,6.25,B
2021-07-19T10:49:44,5000.0,6.24,S
2021-07-19T10:49:43,17000.0,6.24,S
2021-07-19T10:49:41,17500.0,6.24,S
2021-07-19T10:49:18,500.0,6.25,B
2021-07-19T10:49:14,1000.0,6.25,B
2021-07-19T10:49:14,10000.0,6.24,S
2021-07-19T10:48:38,1000.0,6.25,B
2021-07-19T10:47:51,2000.0,6.25,B
2021-07-19T10:47:49,100.0,6.25,B
2021-07-19T10:47:45,2000.0,6.25,B
2021-07-19T10:47:42,100.0,6.25,B
2021-07-19T10:47:34,300.0,6.25,B
2021-07-19T10:47:28,700.0,6.25,B
2021-07-19T10:47:26,500.0,6.25,S
2021-07-19T10:47:26,1700.0,6.25,S
2021-07-19T10:47:19,1900.0,6.25,S
2021-07-19T10:47:07,900.0,6.25,S
2021-07-19T10:46:41,1000.0,6.27,B
2021-07-19T10:46:04,300.0,6.27,B
2021-07-19T10:45:47,7500.0,6.24,B
2021-07-19T10:45:47,8800.0,6.24,B
2021-07-19T10:45:47,1200.0,6.24,B
2021-07-19T10:45:44,5000.0,6.24,B
2021-07-19T10:45:44,100.0,6.24,B
2021-07-19T10:45:39,10000.0,6.24,B
2021-07-19T10:45:36,4400.0,6.24,B
2021-07-19T10:45:34,11000.0,6.24,B
2021-07-19T10:45:33,5000.0,6.24,B
2021-07-19T10:45:30,3000.0,6.24,B
2021-07-19T10:45:28,1000.0,6.24,B
2021-07-19T10:45:26,5000.0,6.24,B
2021-07-19T10:45:23,47700.0,6.24,B
2021-07-19T10:45:19,10000.0,6.24,B
2021-07-19T10:45:12,500.0,6.24,B
2021-07-19T10:45:08,900.0,6.24,B
2021-07-19T10:45:02,1000.0,6.24,B
2021-07-19T10:45:01,500.0,6.24,B
2021-07-19T10:44:50,10000.0,6.24,B
2021-07-19T10:44:49,3000.0,6.24,B
2021-07-19T10:44:48,2000.0,6.24,B
2021-07-19T10:44:41,600.0,6.24,B
2021-07-19T10:44:25,500.0,6.24,B
2021-07-19T10:44:17,5000.0,6.24,B
2021-07-19T10:44:16,100.0,6.24,B
2021-07-19T10:43:59,5000.0,6.24,B
2021-07-19T10:43:54,51000.0,6.24,B
2021-07-19T10:42:05,3000.0,6.24,B
2021-07-19T10:41:44,900.0,6.24,B
2021-07-19T10:37:11,200.0,6.24,B
2021-07-19T10:36:27,5000.0,6.24,B
2021-07-19T10:35:27,100.0,6.24,B
2021-07-19T10:35:04,100.0,6.24,B
2021-07-19T10:34:29,100.0,6.24,B
2021-07-19T10:33:54,1000.0,6.24,B
2021-07-19T10:32:05,1000.0,6.24,B
2021-07-19T10:31:24,1000.0,6.24,B
2021-07-19T10:30:02,100.0,6.24,B
2021-07-19T10:29:24,2000.0,6.24,B
2021-07-19T10:25:50,1000.0,6.24,B
2021-07-19T10:25:37,3000.0,6.24,B
2021-07-19T10:25:02,10000.0,6.24,B
2021-07-19T10:24:56,100.0,6.24,B
2021-07-19T10:24:54,1500.0,6.24,B
2021-07-19T10:24:39,1000.0,6.24,B
2021-07-19T10:24:26,1000.0,6.24,B
2021-07-19T10:24:12,5000.0,6.24,B
2021-07-19T10:24:06,1000.0,6.24,B
2021-07-19T10:22:37,3000.0,6.24,B
2021-07-19T10:21:29,200.0,6.24,B
2021-07-19T10:21:01,5000.0,6.24,B
2021-07-19T10:20:53,2000.0,6.24,B
2021-07-19T10:20:01,500.0,6.24,B
2021-07-19T10:19:21,1000.0,6.24,B
2021-07-19T10:18:57,5500.0,6.24,B
2021-07-19T10:18:19,30000.0,6.24,B
2021-07-19T10:17:49,300.0,6.24,B
2021-07-19T10:13:12,200.0,6.24,B
2021-07-19T10:12:58,1000.0,6.24,B
2021-07-19T10:12:10,1200.0,6.24,B
2021-07-19T10:07:52,8000.0,6.24,B
2021-07-19T10:06:58,400.0,6.24,B
2021-07-19T10:06:25,500.0,6.24,B
2021-07-19T10:05:52,200.0,6.24,B
2021-07-19T10:05:46,3400.0,6.24,B
2021-07-19T10:05:34,1000.0,6.24,B
2021-07-19T10:05:17,300.0,6.24,B
2021-07-19T10:03:20,500.0,6.24,B
2021-07-19T10:03:02,5000.0,6.24,B
2021-07-19T10:02:26,100.0,6.24,B
2021-07-19T10:01:50,5000.0,6.24,B
2021-07-19T10:01:44,600.0,6.24,B
2021-07-19T10:00:21,1200.0,6.24,B
2021-07-19T09:59:59,1500.0,6.24,B
2021-07-19T09:59:53,1000.0,6.24,B
2021-07-19T09:59:29,600.0,6.24,B
2021-07-19T09:59:13,200.0,6.24,B
2021-07-19T09:58:49,100.0,6.24,B
2021-07-19T09:58:39,400.0,6.24,B
2021-07-19T09:57:28,2000.0,6.24,B
2021-07-19T09:56:51,2100.0,6.24,B
2021-07-19T09:56:19,10000.0,6.24,B
2021-07-19T09:56:18,100.0,6.24,B
2021-07-19T09:55:30,500.0,6.24,B
2021-07-19T09:54:36,2800.0,6.24,B
2021-07-19T09:54:27,100.0,6.24,B
2021-07-19T09:54:11,2000.0,6.24,B
2021-07-19T09:53:37,500.0,6.24,B
2021-07-19T09:52:55,200.0,6.24,B
2021-07-19T09:52:45,500.0,6.24,B
2021-07-19T09:52:37,4000.0,6.24,B
2021-07-19T09:52:28,200.0,6.24,B
2021-07-19T09:52:14,500.0,6.24,B
2021-07-19T09:52:07,1000.0,6.24,B
2021-07-19T09:51:50,500.0,6.24,B
2021-07-19T09:51:24,200.0,6.24,B
2021-07-19T09:50:56,1200.0,6.24,B
2021-07-19T09:50:52,500.0,6.24,B
2021-07-19T09:50:51,1000.0,6.24,B
2021-07-19T09:50:40,34900.0,6.24,S
2021-07-19T09:50:30,17600.0,6.24,B
2021-07-19T09:50:27,800.0,6.24,B
2021-07-19T09:50:26,500.0,6.24,B
2021-07-19T09:50:11,300.0,6.24,B
2021-07-19T09:49:38,100.0,6.24,B
2021-07-19T09:49:36,5000.0,6.24,B
2021-07-19T09:49:30,50000.0,6.24,B
2021-07-19T09:49:28,200.0,6.24,B
2021-07-19T09:49:21,3500.0,6.24,S
2021-07-19T09:49:21,1000.0,6.24,S
2021-07-19T09:49:21,20000.0,6.24,S
2021-07-19T09:49:21,13000.0,6.24,S
2021-07-19T09:49:21,23800.0,6.24,S
2021-07-19T09:49:21,9000.0,6.24,S
2021-07-19T09:49:21,1200.0,6.24,S
2021-07-19T09:48:50,1100.0,6.25,S
2021-07-19T09:46:45,100.0,6.26,B
2021-07-19T09:45:50,100.0,6.25,S
2021-07-19T09:45:22,3700.0,6.25,S
2021-07-19T09:45:22,1300.0,6.25,S
2021-07-19T09:45:17,100.0,6.25,S
2021-07-19T09:45:02,2000.0,6.25,S
2021-07-19T09:44:54,100.0,6.26,B
2021-07-19T09:44:52,2000.0,6.25,S
2021-07-19T09:44:46,3000.0,6.25,S
2021-07-19T09:44:31,1900.0,6.27,B
2021-07-19T09:44:17,1700.0,6.24,B
2021-07-19T09:44:13,20000.0,6.24,B
2021-07-19T09:44:07,1400.0,6.24,B
2021-07-19T09:44:07,1000.0,6.24,B
2021-07-19T09:44:02,10000.0,6.24,B
2021-07-19T09:44:01,100.0,6.24,B
2021-07-19T09:43:57,4100.0,6.24,B
2021-07-19T09:43:44,1500.0,6.24,B
2021-07-19T09:43:42,5000.0,6.24,B
2021-07-19T09:43:42,1000.0,6.24,B
2021-07-19T09:43:41,500.0,6.24,B
2021-07-19T09:43:37,5000.0,6.24,B
2021-07-19T09:43:35,5000.0,6.24,B
2021-07-19T09:43:33,10000.0,6.24,B
2021-07-19T09:43:32,1000.0,6.24,B
2021-07-19T09:43:22,2500.0,6.24,B
2021-07-19T09:43:22,6500.0,6.24,B
2021-07-19T09:43:19,100.0,6.24,B
2021-07-19T09:43:08,5000.0,6.24,B
2021-07-19T09:43:06,200.0,6.24,B
2021-07-19T09:43:05,1500.0,6.24,B
2021-07-19T09:43:04,300.0,6.24,B
2021-07-19T09:43:04,1000.0,6.24,B
2021-07-19T09:42:44,100.0,6.24,B
2021-07-19T09:42:37,10000.0,6.24,B
2021-07-19T09:42:32,5000.0,6.24,B
2021-07-19T09:42:29,200.0,6.24,B
2021-07-19T09:42:27,100.0,6.24,B
2021-07-19T09:42:25,400.0,6.24,B
2021-07-19T09:42:24,1000.0,6.24,B
2021-07-19T09:42:23,1000.0,6.24,B
2021-07-19T09:42:22,6400.0,6.24,B
2021-07-19T09:42:15,10000.0,6.24,B
2021-07-19T09:42:04,1000.0,6.24,S
2021-07-19T09:42:04,5200.0,6.24,S
2021-07-19T09:42:04,2000.0,6.24,S
2021-07-19T09:42:01,500.0,6.25,S
2021-07-19T09:41:57,100.0,6.24,S
2021-07-19T09:41:57,7000.0,6.24,S
2021-07-19T09:41:57,5000.0,6.24,S
2021-07-19T09:41:57,1400.0,6.24,S
2021-07-19T09:41:57,13000.0,6.24,S
2021-07-19T09:41:57,7200.0,6.24,S
2021-07-19T09:41:57,1100.0,6.24,S
2021-07-19T09:41:57,7600.0,6.24,S
2021-07-19T09:41:57,20300.0,6.24,S
2021-07-19T09:41:57,26700.0,6.24,S
2021-07-19T09:41:57,9100.0,6.24,S
2021-07-19T09:41:57,1500.0,6.24,S
2021-07-19T09:41:44,3000.0,6.24,S
2021-07-19T09:41:43,600.0,6.25,S
2021-07-19T09:41:43,1000.0,6.25,S
2021-07-19T09:41:43,400.0,6.25,S
2021-07-19T09:41:34,1000.0,6.28,B
2021-07-19T09:41:17,1000.0,6.25,B
2021-07-19T09:41:13,700.0,6.25,B
2021-07-19T09:40:51,2000.0,6.25,B
2021-07-19T09:40:25,2000.0,6.25,B
2021-07-19T09:40:24,25300.0,6.25,S
2021-07-19T09:40:22,20000.0,6.25,S
2021-07-19T09:40:20,700.0,6.25,S
2021-07-19T09:39:50,15000.0,6.25,S
2021-07-19T09:39:44,3300.0,6.26,S
2021-07-19T09:39:28,30000.0,6.26,S
2021-07-19T09:39:28,100.0,6.27,B
2021-07-19T09:39:03,200.0,6.27,S
2021-07-19T09:38:57,200.0,6.28,B
2021-07-19T09:38:47,800.0,6.27,S
2021-07-19T09:38:47,20200.0,6.27,S
2021-07-19T09:38:47,17000.0,6.27,S
2021-07-19T09:38:18,100.0,6.28,B
2021-07-19T09:37:59,1000.0,6.28,B
2021-07-19T09:37:45,400.0,6.28,B
2021-07-19T09:37:38,15000.0,6.28,S
2021-07-19T09:37:18,12200.0,6.28,S
2021-07-19T09:37:15,100.0,6.3,B
2021-07-19T09:37:15,6900.0,6.3,B
2021-07-19T09:37:13,400.0,6.28,S
2021-07-19T09:37:02,4100.0,6.28,S
2021-07-19T09:36:17,1000.0,6.28,S
2021-07-19T09:36:10,20000.0,6.28,S
2021-07-19T09:35:35,15000.0,6.28,S
2021-07-19T09:35:23,10000.0,6.3,B
2021-07-19T09:35:19,2700.0,6.28,S
2021-07-19T09:35:09,2000.0,6.28,B
2021-07-19T09:35:09,300.0,6.28,B
2021-07-19T09:35:07,5000.0,6.28,B
2021-07-19T09:35:02,100.0,6.28,B
2021-07-19T09:34:56,300.0,6.28,B
2021-07-19T09:34:55,300.0,6.28,S
2021-07-19T09:34:53,19700.0,6.28,S
2021-07-19T09:34:52,300.0,6.28,S
2021-07-19T09:34:34,500.0,6.3,B
2021-07-19T09:34:21,500.0,6.3,B
2021-07-19T09:34:20,10000.0,6.28,S
2021-07-19T09:33:56,200.0,6.3,B
2021-07-19T09:33:34,5000.0,6.28,S
2021-07-19T09:33:06,3000.0,6.27,S
2021-07-19T09:33:00,500.0,6.3,B
2021-07-19T09:32:43,200.0,6.28,B
2021-07-19T09:32:42,9700.0,6.27,S
2021-07-19T09:32:30,9500.0,6.28,S
2021-07-19T09:32:23,500.0,6.28,S
2021-07-19T09:32:12,600.0,6.28,B
2021-07-19T09:32:01,100.0,6.28,B
2021-07-19T09:32:01,1000.0,6.28,S
2021-07-19T09:32:01,300.0,6.28,S
2021-07-19T09:32:01,5000.0,6.28,S
2021-07-19T09:31:57,600.0,6.28,S
2021-07-19T09:31:50,1000.0,6.3,B
2021-07-19T09:31:47,500.0,6.3,B
2021-07-19T09:31:43,1000.0,6.3,B
2021-07-19T09:31:31,1000.0,6.3,S
2021-07-19T09:31:30,2000.0,6.3,S
2021-07-19T09:31:30,500.0,6.3,S
2021-07-19T09:31:29,4100.0,6.3,S
2021-07-19T09:31:11,1000.0,6.31,B
2021-07-19T09:31:10,200.0,6.31,B
2021-07-19T09:31:09,11400.0,6.3,S
2021-07-19T09:31:03,1000.0,6.31,B
2021-07-19T09:30:49,1000.0,6.31,B
2021-07-19T09:30:37,9900.0,6.31,S
2021-07-19T09:30:27,2100.0,6.31,S
2021-07-19T09:30:26,100.0,6.32,B
2021-07-19T09:30:17,1000.0,6.32,S
2021-07-19T09:29:56,5200.0,6.32,S
2021-07-19T09:29:56,300.0,6.32,S
2021-07-19T09:29:56,1500.0,6.32,S
2021-07-19T09:29:12,3500.0,6.35,B
2021-07-19T09:27:57,1000.0,6.39,B
2021-07-19T09:27:50,300.0,6.35,S
2021-07-19T09:26:53,200.0,6.35,S
2021-07-19T09:26:46,1000.0,6.35,S
2021-07-19T09:26:11,100.0,6.35,S
2021-07-19T09:26:04,700.0,6.4,B
2021-07-19T09:25:37,200.0,6.4,B
2021-07-19T09:25:27,3000.0,6.4,B
2021-07-19T09:25:25,100.0,6.4,B
2021-07-19T09:25:15,200.0,6.4,B
2021-07-19T09:23:05,300.0,6.31,S
2021-07-19T09:22:26,2600.0,6.31,S
2021-07-19T09:22:26,7100.0,6.32,S
2021-07-19T09:21:55,500.0,6.32,S
2021-07-19T09:21:24,1000.0,6.32,S
2021-07-19T09:21:10,200.0,6.46,B
2021-07-19T09:20:59,100.0,6.33,S
2021-07-19T09:20:24,1300.0,6.31,S
2021-07-19T09:20:09,700.0,6.32,S
2021-07-19T09:19:02,500.0,6.31,S
2021-07-19T09:19:02,2500.0,6.31,S
2021-07-19T09:17:48,200.0,6.31,B
2021-07-19T09:17:47,100.0,6.31,B
2021-07-19T09:17:39,300.0,6.3,S
2021-07-19T09:17:32,300.0,6.31,B
2021-07-19T09:17:28,1000.0,6.31,B
2021-07-19T09:16:43,2100.0,6.31,S
2021-07-19T09:16:09,100.0,6.3,S
2021-07-19T09:16:07,200.0,6.28,S
2021-07-19T09:16:00,9700.0,6.28,S
