tradingTime,volume,price,side
2021-07-19T14:29:50,8700.0,5.72,S
2021-07-19T14:29:50,1000.0,5.72,S
2021-07-19T14:29:50,900.0,5.72,S
2021-07-19T14:29:50,1600.0,5.72,S
2021-07-19T14:29:50,3000.0,5.72,S
2021-07-19T14:29:50,2700.0,5.72,S
2021-07-19T14:29:50,500.0,5.72,S
2021-07-19T14:29:50,11000.0,5.72,S
2021-07-19T14:29:50,1300.0,5.72,S
2021-07-19T14:29:50,700.0,5.72,S
2021-07-19T14:29:50,15100.0,5.72,S
2021-07-19T14:29:50,25300.0,5.72,S
2021-07-19T14:29:50,2400.0,5.72,S
2021-07-19T14:29:50,2000.0,5.72,S
2021-07-19T14:29:50,200.0,5.72,S
2021-07-19T14:29:50,500.0,5.72,S
2021-07-19T14:29:50,15800.0,5.72,S
2021-07-19T14:29:50,20500.0,5.72,S
2021-07-19T14:29:50,2200.0,5.72,S
2021-07-19T14:29:50,2300.0,5.72,S
2021-07-19T14:29:50,2700.0,5.72,S
2021-07-19T14:29:50,500.0,5.72,S
2021-07-19T14:29:50,500.0,5.72,S
2021-07-19T14:29:50,78600.0,5.72,S
2021-07-19T14:29:49,1700.0,5.72,S
2021-07-19T14:29:49,3400.0,5.72,S
2021-07-19T14:29:49,2200.0,5.72,S
2021-07-19T14:29:49,1200.0,5.72,S
2021-07-19T14:29:49,20000.0,5.72,S
2021-07-19T14:29:49,19100.0,5.72,S
2021-07-19T14:29:49,452400.0,5.72,S
2021-07-19T14:29:49,30000.0,5.72,S
2021-07-19T14:29:46,2000.0,5.72,S
2021-07-19T14:29:38,5700.0,5.72,S
2021-07-19T14:29:30,100.0,5.73,B
2021-07-19T14:29:23,100.0,5.73,B
2021-07-19T14:29:19,2000.0,5.73,B
2021-07-19T14:29:19,3000.0,5.73,B
2021-07-19T14:29:13,1000.0,5.72,S
2021-07-19T14:29:11,30000.0,5.72,S
2021-07-19T14:29:02,100000.0,5.72,S
2021-07-19T14:28:58,1000.0,5.73,B
2021-07-19T14:28:57,2100.0,5.73,B
2021-07-19T14:28:56,300.0,5.72,S
2021-07-19T14:28:55,100.0,5.73,B
2021-07-19T14:28:47,100.0,5.73,B
2021-07-19T14:28:42,2000.0,5.73,B
2021-07-19T14:28:41,30000.0,5.72,S
2021-07-19T14:28:38,2000.0,5.73,B
2021-07-19T14:28:37,100.0,5.73,S
2021-07-19T14:28:37,5200.0,5.73,S
2021-07-19T14:28:34,300.0,5.73,B
2021-07-19T14:28:34,4800.0,5.73,B
2021-07-19T14:28:30,1000.0,5.73,B
2021-07-19T14:28:29,1000.0,5.73,B
2021-07-19T14:28:19,1500.0,5.73,B
2021-07-19T14:28:07,7100.0,5.73,S
2021-07-19T14:28:06,12900.0,5.73,B
2021-07-19T14:27:56,5000.0,5.73,B
2021-07-19T14:27:47,200.0,5.73,B
2021-07-19T14:27:44,10000.0,5.73,B
2021-07-19T14:27:40,25000.0,5.72,S
2021-07-19T14:27:40,300.0,5.72,S
2021-07-19T14:27:37,4800.0,5.72,S
2021-07-19T14:27:25,15200.0,5.72,S
2021-07-19T14:27:18,5000.0,5.73,B
2021-07-19T14:27:18,1000.0,5.73,B
2021-07-19T14:27:11,200.0,5.73,B
2021-07-19T14:27:10,5300.0,5.72,S
2021-07-19T14:27:05,500.0,5.73,B
2021-07-19T14:26:45,15000.0,5.72,S
2021-07-19T14:26:39,100.0,5.73,B
2021-07-19T14:26:39,4000.0,5.73,B
2021-07-19T14:26:32,1000.0,5.73,B
2021-07-19T14:26:28,207300.0,5.72,S
2021-07-19T14:26:28,4300.0,5.72,S
2021-07-19T14:26:28,3300.0,5.72,S
2021-07-19T14:26:28,300.0,5.72,S
2021-07-19T14:26:28,300.0,5.72,S
2021-07-19T14:26:28,3000.0,5.72,S
2021-07-19T14:26:28,6600.0,5.72,S
2021-07-19T14:26:28,2000.0,5.72,S
2021-07-19T14:26:28,14500.0,5.72,S
2021-07-19T14:26:28,1500.0,5.72,S
2021-07-19T14:26:28,5800.0,5.72,S
2021-07-19T14:26:28,3600.0,5.72,S
2021-07-19T14:26:28,13500.0,5.72,S
2021-07-19T14:26:22,500.0,5.73,B
2021-07-19T14:26:22,7000.0,5.73,S
2021-07-19T14:26:08,200.0,5.73,S
2021-07-19T14:26:04,1000.0,5.73,S
2021-07-19T14:26:01,100.0,5.73,S
2021-07-19T14:25:53,3000.0,5.73,S
2021-07-19T14:25:53,100.0,5.73,S
2021-07-19T14:25:40,600.0,5.73,S
2021-07-19T14:25:38,300.0,5.73,S
2021-07-19T14:25:27,1000.0,5.73,S
2021-07-19T14:25:25,10000.0,5.73,S
2021-07-19T14:25:25,500.0,5.73,S
2021-07-19T14:25:25,1500.0,5.73,S
2021-07-19T14:25:13,800.0,5.73,S
2021-07-19T14:25:01,400.0,5.73,S
2021-07-19T14:24:42,500.0,5.73,B
2021-07-19T14:24:24,600.0,5.73,S
2021-07-19T14:24:12,300.0,5.74,B
2021-07-19T14:24:12,4000.0,5.73,S
2021-07-19T14:24:05,268400.0,5.72,S
2021-07-19T14:24:05,22100.0,5.72,S
2021-07-19T14:24:05,2900.0,5.72,S
2021-07-19T14:24:05,15300.0,5.72,S
2021-07-19T14:24:05,5600.0,5.72,S
2021-07-19T14:24:05,5000.0,5.72,S
2021-07-19T14:24:05,500.0,5.72,S
2021-07-19T14:24:05,3300.0,5.72,S
2021-07-19T14:24:05,1600.0,5.72,S
2021-07-19T14:24:05,400.0,5.72,S
2021-07-19T14:24:05,1800.0,5.72,S
2021-07-19T14:24:05,25600.0,5.72,S
2021-07-19T14:24:05,2500.0,5.72,S
2021-07-19T14:24:05,1000.0,5.72,S
2021-07-19T14:24:05,400.0,5.72,S
2021-07-19T14:24:05,4100.0,5.72,S
2021-07-19T14:24:05,5000.0,5.72,S
2021-07-19T14:24:05,1800.0,5.72,S
2021-07-19T14:24:05,1300.0,5.72,S
2021-07-19T14:24:05,81400.0,5.73,S
2021-07-19T14:24:02,900.0,5.73,S
2021-07-19T14:24:00,500.0,5.73,S
2021-07-19T14:23:59,5000.0,5.73,S
2021-07-19T14:23:57,3500.0,5.73,S
2021-07-19T14:23:31,500.0,5.73,S
2021-07-19T14:23:26,400.0,5.73,S
2021-07-19T14:23:26,1800.0,5.73,S
2021-07-19T14:23:21,2000.0,5.73,S
2021-07-19T14:23:19,10000.0,5.73,S
2021-07-19T14:23:14,800.0,5.73,S
2021-07-19T14:23:03,100.0,5.74,B
2021-07-19T14:23:00,100.0,5.74,B
2021-07-19T14:22:58,500.0,5.73,S
2021-07-19T14:22:57,900.0,5.73,S
2021-07-19T14:22:40,6000.0,5.73,S
2021-07-19T14:22:33,400.0,5.73,S
2021-07-19T14:22:24,2000.0,5.73,S
2021-07-19T14:22:19,200.0,5.73,S
2021-07-19T14:22:19,34800.0,5.73,S
2021-07-19T14:22:13,11200.0,5.73,S
2021-07-19T14:22:04,100.0,5.74,B
2021-07-19T14:21:59,400.0,5.73,S
2021-07-19T14:21:57,1000.0,5.73,S
2021-07-19T14:21:57,10000.0,5.73,S
2021-07-19T14:21:49,200.0,5.73,S
2021-07-19T14:21:31,100.0,5.73,S
2021-07-19T14:21:21,1000.0,5.73,S
2021-07-19T14:20:55,25000.0,5.73,S
2021-07-19T14:20:42,4000.0,5.74,B
2021-07-19T14:20:38,1000.0,5.74,B
2021-07-19T14:20:36,100.0,5.74,B
2021-07-19T14:20:31,200.0,5.74,S
2021-07-19T14:20:11,300.0,5.74,S
2021-07-19T14:20:10,500.0,5.74,B
2021-07-19T14:20:05,3500.0,5.74,S
2021-07-19T14:19:42,100.0,5.75,B
2021-07-19T14:19:21,5000.0,5.74,S
2021-07-19T14:19:17,1000.0,5.74,S
2021-07-19T14:18:52,5000.0,5.74,S
2021-07-19T14:18:51,1000.0,5.74,S
2021-07-19T14:18:24,100.0,5.75,B
2021-07-19T14:17:53,600.0,5.75,B
2021-07-19T14:17:36,200.0,5.75,B
2021-07-19T14:17:28,1000.0,5.75,B
2021-07-19T14:17:28,300.0,5.75,B
2021-07-19T14:17:00,5800.0,5.74,S
2021-07-19T14:16:56,400.0,5.75,S
2021-07-19T14:16:54,200.0,5.75,S
2021-07-19T14:16:48,500.0,5.75,S
2021-07-19T14:16:43,3000.0,5.75,S
2021-07-19T14:16:43,4000.0,5.75,B
2021-07-19T14:16:43,3000.0,5.75,B
2021-07-19T14:16:43,18900.0,5.75,B
2021-07-19T14:16:28,1000.0,5.75,B
2021-07-19T14:16:25,300.0,5.75,B
2021-07-19T14:16:15,800.0,5.75,B
2021-07-19T14:16:07,1100.0,5.74,S
2021-07-19T14:16:07,3400.0,5.74,S
2021-07-19T14:15:08,10000.0,5.74,S
2021-07-19T14:15:00,500.0,5.74,S
2021-07-19T14:14:31,100.0,5.74,S
2021-07-19T14:14:26,2000.0,5.74,S
2021-07-19T14:14:26,500.0,5.75,B
2021-07-19T14:14:25,1000.0,5.75,B
2021-07-19T14:14:19,1000.0,5.74,S
2021-07-19T14:14:13,300.0,5.75,B
2021-07-19T14:13:48,1000.0,5.75,B
2021-07-19T14:13:25,1000.0,5.75,B
2021-07-19T14:13:25,5000.0,5.73,S
2021-07-19T14:13:23,5000.0,5.73,S
2021-07-19T14:13:19,2600.0,5.73,S
2021-07-19T14:13:19,1000.0,5.73,S
2021-07-19T14:13:10,6000.0,5.73,S
2021-07-19T14:13:10,3000.0,5.73,S
2021-07-19T14:13:06,3000.0,5.73,S
2021-07-19T14:13:04,9400.0,5.73,S
2021-07-19T14:12:28,6300.0,5.73,S
2021-07-19T14:12:28,6600.0,5.73,S
2021-07-19T14:12:28,3900.0,5.73,S
2021-07-19T14:12:28,3200.0,5.73,S
2021-07-19T14:12:28,8000.0,5.73,S
2021-07-19T14:12:28,15000.0,5.73,S
2021-07-19T14:12:28,57000.0,5.74,S
2021-07-19T14:12:15,200.0,5.75,B
2021-07-19T14:12:13,20000.0,5.74,S
2021-07-19T14:11:40,500.0,5.75,B
2021-07-19T14:11:39,10000.0,5.75,B
2021-07-19T14:11:37,500.0,5.75,S
2021-07-19T14:11:28,100.0,5.75,S
2021-07-19T14:11:27,1900.0,5.75,S
2021-07-19T14:11:27,500.0,5.75,S
2021-07-19T14:11:24,100.0,5.75,S
2021-07-19T14:11:19,2000.0,5.76,B
2021-07-19T14:11:13,12900.0,5.75,S
2021-07-19T14:11:13,3700.0,5.75,S
2021-07-19T14:11:13,7300.0,5.75,S
2021-07-19T14:11:13,9000.0,5.75,S
2021-07-19T14:11:13,100.0,5.75,S
2021-07-19T14:11:11,100.0,5.76,B
2021-07-19T14:11:03,500.0,5.76,B
2021-07-19T14:10:51,9500.0,5.76,B
2021-07-19T14:10:36,1300.0,5.76,S
2021-07-19T14:10:32,10000.0,5.76,S
2021-07-19T14:10:24,9000.0,5.76,S
2021-07-19T14:09:58,18000.0,5.76,S
2021-07-19T14:09:58,500.0,5.77,B
2021-07-19T14:09:54,100.0,5.76,S
2021-07-19T14:09:44,1300.0,5.76,S
2021-07-19T14:09:43,100.0,5.77,B
2021-07-19T14:09:32,100.0,5.77,B
2021-07-19T14:09:19,700.0,5.76,S
2021-07-19T14:09:13,5000.0,5.77,B
2021-07-19T14:09:11,500.0,5.76,S
2021-07-19T14:09:08,4000.0,5.77,B
2021-07-19T14:09:04,100.0,5.76,S
2021-07-19T14:08:31,200.0,5.77,B
2021-07-19T14:08:23,1000.0,5.77,B
2021-07-19T14:08:01,100.0,5.77,B
2021-07-19T14:07:58,100.0,5.76,S
2021-07-19T14:07:34,20000.0,5.76,S
2021-07-19T14:07:24,300.0,5.76,S
2021-07-19T14:07:24,500.0,5.76,S
2021-07-19T14:07:11,100.0,5.77,B
2021-07-19T14:06:40,100.0,5.77,B
2021-07-19T14:06:34,2400.0,5.76,S
2021-07-19T14:06:32,3500.0,5.77,B
2021-07-19T14:06:32,1500.0,5.77,B
2021-07-19T14:06:29,1000.0,5.76,S
2021-07-19T14:06:26,2600.0,5.76,S
2021-07-19T14:06:17,10000.0,5.77,B
2021-07-19T14:05:48,200.0,5.76,S
2021-07-19T14:05:38,2000.0,5.76,S
2021-07-19T14:05:23,10000.0,5.76,S
2021-07-19T14:05:11,3000.0,5.76,S
2021-07-19T14:05:04,1000.0,5.76,S
2021-07-19T14:05:00,300.0,5.76,S
2021-07-19T14:04:47,500.0,5.76,S
2021-07-19T14:04:23,1500.0,5.76,S
2021-07-19T14:04:15,5000.0,5.76,S
2021-07-19T14:04:00,1000.0,5.76,S
2021-07-19T14:03:35,5000.0,5.76,S
2021-07-19T14:03:20,1100.0,5.76,B
2021-07-19T14:03:15,8900.0,5.76,S
2021-07-19T14:02:58,100.0,5.77,B
2021-07-19T14:02:46,1600.0,5.76,S
2021-07-19T14:02:25,200.0,5.77,S
2021-07-19T14:02:19,100.0,5.78,B
2021-07-19T14:02:18,100.0,5.78,B
2021-07-19T14:00:48,20000.0,5.78,B
2021-07-19T14:00:36,500.0,5.78,B
2021-07-19T14:00:26,200.0,5.77,S
2021-07-19T14:00:11,100.0,5.77,S
2021-07-19T13:59:59,1000.0,5.78,B
2021-07-19T13:59:53,100.0,5.78,B
2021-07-19T13:59:52,900.0,5.78,B
2021-07-19T13:59:29,600.0,5.78,B
2021-07-19T13:59:21,1000.0,5.78,B
2021-07-19T13:59:17,71200.0,5.75,S
2021-07-19T13:59:17,200.0,5.75,S
2021-07-19T13:59:17,20400.0,5.75,S
2021-07-19T13:58:44,30000.0,5.79,B
2021-07-19T13:58:25,2000.0,5.78,S
2021-07-19T13:58:12,1000.0,5.78,S
2021-07-19T13:58:06,1800.0,5.78,S
2021-07-19T13:57:55,5000.0,5.78,S
2021-07-19T13:57:43,4400.0,5.78,S
2021-07-19T13:57:41,300.0,5.78,S
2021-07-19T13:57:36,1500.0,5.78,S
2021-07-19T13:57:28,3000.0,5.79,B
2021-07-19T13:57:28,500.0,5.79,B
2021-07-19T13:57:20,1000.0,5.78,S
2021-07-19T13:56:57,1400.0,5.78,S
2021-07-19T13:56:16,500.0,5.78,S
2021-07-19T13:56:08,300.0,5.78,S
2021-07-19T13:56:00,100.0,5.78,S
2021-07-19T13:55:57,500.0,5.78,S
2021-07-19T13:54:55,1000.0,5.78,S
2021-07-19T13:54:39,1000.0,5.78,S
2021-07-19T13:54:27,300.0,5.78,S
2021-07-19T13:54:27,17700.0,5.78,S
2021-07-19T13:54:16,4000.0,5.78,B
2021-07-19T13:54:04,100.0,5.77,S
2021-07-19T13:53:56,1000.0,5.77,S
2021-07-19T13:53:54,600.0,5.78,B
2021-07-19T13:53:47,100.0,5.78,B
2021-07-19T13:53:40,600.0,5.77,S
2021-07-19T13:53:34,500.0,5.77,S
2021-07-19T13:53:32,100.0,5.77,S
2021-07-19T13:53:18,10000.0,5.78,B
2021-07-19T13:53:05,1000.0,5.78,B
2021-07-19T13:52:57,2000.0,5.78,B
2021-07-19T13:52:45,16700.0,5.78,S
2021-07-19T13:52:39,100.0,5.78,S
2021-07-19T13:52:38,7800.0,5.78,S
2021-07-19T13:52:38,400.0,5.78,S
2021-07-19T13:52:21,1000.0,5.77,S
2021-07-19T13:52:10,1500.0,5.77,S
2021-07-19T13:52:10,6300.0,5.8,B
2021-07-19T13:52:10,5300.0,5.79,B
2021-07-19T13:52:10,4000.0,5.79,B
2021-07-19T13:52:10,14400.0,5.79,B
2021-07-19T13:52:05,6000.0,5.75,S
2021-07-19T13:52:01,5000.0,5.77,B
2021-07-19T13:52:01,400.0,5.77,B
2021-07-19T13:51:47,4700.0,5.75,S
2021-07-19T13:51:47,1700.0,5.75,S
2021-07-19T13:51:47,700.0,5.76,S
2021-07-19T13:51:47,2900.0,5.76,S
2021-07-19T13:51:23,100.0,5.76,S
2021-07-19T13:51:11,100.0,5.77,B
2021-07-19T13:50:53,600.0,5.77,S
2021-07-19T13:50:28,1000.0,5.77,S
2021-07-19T13:50:04,100.0,5.77,S
2021-07-19T13:49:58,500.0,5.78,B
2021-07-19T13:49:39,100.0,5.78,B
2021-07-19T13:49:30,700.0,5.78,S
2021-07-19T13:49:12,5000.0,5.78,S
2021-07-19T13:49:04,100.0,5.78,S
2021-07-19T13:48:44,100.0,5.78,S
2021-07-19T13:48:28,500.0,5.79,B
2021-07-19T13:48:00,2200.0,5.78,S
2021-07-19T13:47:58,500.0,5.78,S
2021-07-19T13:47:34,8400.0,5.78,B
2021-07-19T13:47:34,100.0,5.78,B
2021-07-19T13:47:19,100.0,5.78,B
2021-07-19T13:47:12,100.0,5.78,B
2021-07-19T13:47:10,500.0,5.77,S
2021-07-19T13:46:45,500.0,5.77,S
2021-07-19T13:46:44,100.0,5.78,B
2021-07-19T13:46:43,1000.0,5.77,S
2021-07-19T13:46:39,500.0,5.77,S
2021-07-19T13:46:28,7600.0,5.77,S
2021-07-19T13:46:23,400.0,5.77,B
2021-07-19T13:45:32,10000.0,5.77,B
2021-07-19T13:45:15,100.0,5.77,B
2021-07-19T13:45:13,13400.0,5.75,S
2021-07-19T13:45:12,12400.0,5.77,B
2021-07-19T13:45:12,7000.0,5.77,B
2021-07-19T13:45:12,300.0,5.77,B
2021-07-19T13:45:12,30300.0,5.77,B
2021-07-19T13:45:05,300.0,5.77,B
2021-07-19T13:45:03,8400.0,5.76,B
2021-07-19T13:44:57,2000.0,5.75,S
2021-07-19T13:43:33,8000.0,5.77,B
2021-07-19T13:43:31,1400.0,5.75,S
2021-07-19T13:43:31,500.0,5.75,S
2021-07-19T13:43:23,5000.0,5.75,S
2021-07-19T13:43:18,500.0,5.75,S
2021-07-19T13:43:17,2000.0,5.75,S
2021-07-19T13:43:12,20000.0,5.77,B
2021-07-19T13:43:07,1500.0,5.75,B
2021-07-19T13:43:07,200.0,5.74,S
2021-07-19T13:43:07,100.0,5.74,S
2021-07-19T13:42:45,1200.0,5.74,S
2021-07-19T13:42:42,100.0,5.74,S
2021-07-19T13:42:32,500.0,5.73,S
2021-07-19T13:42:14,2000.0,5.73,B
2021-07-19T13:42:14,2500.0,5.73,B
2021-07-19T13:42:14,200.0,5.73,B
2021-07-19T13:42:05,2000.0,5.73,B
2021-07-19T13:42:04,10000.0,5.73,B
2021-07-19T13:42:01,8700.0,5.72,S
2021-07-19T13:42:01,3800.0,5.72,S
2021-07-19T13:42:01,1700.0,5.72,S
2021-07-19T13:42:01,800.0,5.72,S
2021-07-19T13:42:01,100.0,5.73,B
2021-07-19T13:42:01,12500.0,5.73,B
2021-07-19T13:41:58,400.0,5.72,S
2021-07-19T13:41:58,100.0,5.73,B
2021-07-19T13:41:55,500.0,5.73,B
2021-07-19T13:41:42,500.0,5.73,B
2021-07-19T13:41:40,100.0,5.73,B
2021-07-19T13:41:39,1000.0,5.73,B
2021-07-19T13:41:35,1000.0,5.73,B
2021-07-19T13:41:31,1000.0,5.73,B
2021-07-19T13:41:24,200.0,5.73,B
2021-07-19T13:41:16,100.0,5.73,B
2021-07-19T13:41:01,20000.0,5.73,B
2021-07-19T13:40:51,20000.0,5.73,B
2021-07-19T13:40:49,1000.0,5.73,B
2021-07-19T13:40:32,1000.0,5.73,B
2021-07-19T13:40:25,5000.0,5.73,B
2021-07-19T13:40:25,10000.0,5.73,B
2021-07-19T13:40:20,200.0,5.73,B
2021-07-19T13:40:19,5000.0,5.72,S
2021-07-19T13:40:06,30000.0,5.72,S
2021-07-19T13:40:00,200.0,5.73,B
2021-07-19T13:39:56,400.0,5.73,B
2021-07-19T13:39:51,1000.0,5.73,B
2021-07-19T13:39:51,29000.0,5.72,S
2021-07-19T13:39:40,1000.0,5.72,S
2021-07-19T13:39:40,3000.0,5.72,S
2021-07-19T13:39:40,1000.0,5.72,S
2021-07-19T13:39:37,100.0,5.73,B
2021-07-19T13:39:37,500.0,5.73,B
2021-07-19T13:39:34,22500.0,5.73,S
2021-07-19T13:39:34,2400.0,5.73,S
2021-07-19T13:39:34,42500.0,5.73,S
2021-07-19T13:39:34,1000.0,5.73,S
2021-07-19T13:39:34,2100.0,5.73,S
2021-07-19T13:39:34,15400.0,5.73,S
2021-07-19T13:39:26,20000.0,5.73,S
2021-07-19T13:39:21,100.0,5.73,S
2021-07-19T13:39:15,37400.0,5.73,S
2021-07-19T13:39:15,2600.0,5.73,S
2021-07-19T13:39:12,500.0,5.74,B
2021-07-19T13:39:07,1400.0,5.74,S
2021-07-19T13:39:07,1200.0,5.74,S
2021-07-19T13:39:07,500.0,5.74,S
2021-07-19T13:39:07,26100.0,5.74,S
2021-07-19T13:39:03,3000.0,5.75,B
2021-07-19T13:38:58,2000.0,5.74,S
2021-07-19T13:38:37,4000.0,5.75,B
2021-07-19T13:38:35,5000.0,5.75,S
2021-07-19T13:38:35,2200.0,5.75,S
2021-07-19T13:38:35,31100.0,5.75,S
2021-07-19T13:38:35,1600.0,5.75,S
2021-07-19T13:38:35,21300.0,5.75,S
2021-07-19T13:38:31,900.0,5.76,S
2021-07-19T13:38:27,1300.0,5.76,B
2021-07-19T13:38:25,3700.0,5.76,S
2021-07-19T13:38:22,1300.0,5.76,B
2021-07-19T13:38:22,8600.0,5.75,S
2021-07-19T13:38:22,37500.0,5.75,S
2021-07-19T13:38:22,4400.0,5.75,S
2021-07-19T13:38:22,10600.0,5.75,S
2021-07-19T13:38:22,36100.0,5.75,S
2021-07-19T13:38:22,3100.0,5.75,S
2021-07-19T13:38:17,500.0,5.76,B
2021-07-19T13:38:17,1000.0,5.75,S
2021-07-19T13:38:08,2000.0,5.76,B
2021-07-19T13:37:54,1200.0,5.76,S
2021-07-19T13:37:03,100.0,5.77,B
2021-07-19T13:36:48,2000.0,5.75,S
2021-07-19T13:36:45,7200.0,5.76,B
2021-07-19T13:36:29,20000.0,5.75,S
2021-07-19T13:36:09,800.0,5.76,S
2021-07-19T13:35:57,1600.0,5.76,B
2021-07-19T13:35:40,500.0,5.75,S
2021-07-19T13:35:12,1500.0,5.75,S
2021-07-19T13:34:54,2800.0,5.76,S
2021-07-19T13:34:49,100.0,5.76,S
2021-07-19T13:34:43,100.0,5.76,B
2021-07-19T13:34:35,1000.0,5.75,S
2021-07-19T13:34:28,3000.0,5.75,S
2021-07-19T13:34:19,400.0,5.76,B
2021-07-19T13:34:19,9600.0,5.76,B
2021-07-19T13:34:19,1000.0,5.75,S
2021-07-19T13:33:55,100.0,5.75,S
2021-07-19T13:33:49,5000.0,5.75,S
2021-07-19T13:33:46,5000.0,5.76,B
2021-07-19T13:33:45,200.0,5.75,S
2021-07-19T13:33:39,4100.0,5.75,S
2021-07-19T13:33:36,200.0,5.75,S
2021-07-19T13:33:36,2100.0,5.75,S
2021-07-19T13:33:36,700.0,5.75,S
2021-07-19T13:33:32,5000.0,5.75,S
2021-07-19T13:33:25,50000.0,5.75,S
2021-07-19T13:33:22,20000.0,5.75,S
2021-07-19T13:33:21,1000.0,5.76,B
2021-07-19T13:33:08,200.0,5.75,S
2021-07-19T13:33:02,10000.0,5.75,S
2021-07-19T13:32:52,300.0,5.75,S
2021-07-19T13:32:47,1000.0,5.76,B
2021-07-19T13:32:36,100.0,5.75,S
2021-07-19T13:32:02,1700.0,5.75,S
2021-07-19T13:31:57,6000.0,5.75,S
2021-07-19T13:31:41,60800.0,5.75,S
2021-07-19T13:31:41,500.0,5.75,S
2021-07-19T13:31:41,2000.0,5.75,S
2021-07-19T13:31:41,2600.0,5.75,S
2021-07-19T13:31:40,34100.0,5.75,S
2021-07-19T13:31:28,3000.0,5.75,S
2021-07-19T13:31:19,6700.0,5.75,S
2021-07-19T13:31:19,1000.0,5.75,S
2021-07-19T13:31:19,2600.0,5.75,S
2021-07-19T13:31:01,1000.0,5.76,S
2021-07-19T13:31:00,3000.0,5.76,S
2021-07-19T13:30:52,10000.0,5.76,S
2021-07-19T13:30:52,100.0,5.77,B
2021-07-19T13:30:48,400.0,5.77,B
2021-07-19T13:30:35,500.0,5.77,B
2021-07-19T13:30:26,5300.0,5.77,S
2021-07-19T13:29:38,100.0,5.78,B
2021-07-19T13:29:37,5600.0,5.78,S
2021-07-19T13:29:36,800.0,5.79,B
2021-07-19T13:29:09,300.0,5.79,B
2021-07-19T13:29:09,1100.0,5.78,S
2021-07-19T13:29:09,800.0,5.78,S
2021-07-19T13:29:09,18100.0,5.78,S
2021-07-19T13:28:47,5600.0,5.79,S
2021-07-19T13:28:33,5000.0,5.79,S
2021-07-19T13:28:13,200.0,5.79,S
2021-07-19T13:28:09,28000.0,5.79,S
2021-07-19T13:28:04,9500.0,5.8,B
2021-07-19T13:28:03,3000.0,5.8,S
2021-07-19T13:27:51,500.0,5.8,S
2021-07-19T13:27:48,500.0,5.8,B
2021-07-19T13:27:42,10000.0,5.8,S
2021-07-19T13:27:37,5500.0,5.8,S
2021-07-19T13:27:24,1000.0,5.8,S
2021-07-19T13:26:39,4000.0,5.8,S
2021-07-19T13:26:25,2000.0,5.8,S
2021-07-19T13:26:05,4000.0,5.8,S
2021-07-19T13:25:55,1400.0,5.8,S
2021-07-19T13:25:52,400.0,5.8,S
2021-07-19T13:25:52,1000.0,5.8,S
2021-07-19T13:25:41,200.0,5.8,S
2021-07-19T13:25:30,3000.0,5.8,S
2021-07-19T13:25:30,12000.0,5.8,S
2021-07-19T13:25:30,22500.0,5.8,S
2021-07-19T13:25:27,5000.0,5.81,B
2021-07-19T13:25:10,200.0,5.8,S
2021-07-19T13:24:44,5000.0,5.8,S
2021-07-19T13:24:29,3200.0,5.8,S
2021-07-19T13:24:22,400.0,5.8,S
2021-07-19T13:24:18,2000.0,5.8,S
2021-07-19T13:24:02,1900.0,5.8,S
2021-07-19T13:24:00,3000.0,5.8,S
2021-07-19T13:23:55,17500.0,5.8,S
2021-07-19T13:23:55,2500.0,5.8,S
2021-07-19T13:23:44,9800.0,5.8,S
2021-07-19T13:23:35,1000.0,5.8,S
2021-07-19T13:23:20,4000.0,5.8,S
2021-07-19T13:23:20,6000.0,5.81,S
2021-07-19T13:23:09,30000.0,5.83,B
2021-07-19T13:22:44,700.0,5.82,B
2021-07-19T13:22:21,100.0,5.82,B
2021-07-19T13:21:54,3000.0,5.82,B
2021-07-19T13:21:54,2000.0,5.82,S
2021-07-19T13:21:52,2000.0,5.82,S
2021-07-19T13:20:26,100.0,5.82,S
2021-07-19T13:20:18,200.0,5.82,S
2021-07-19T13:19:40,7600.0,5.82,B
2021-07-19T13:19:40,900.0,5.82,B
2021-07-19T13:19:34,500.0,5.82,B
2021-07-19T13:19:28,2000.0,5.82,B
2021-07-19T13:19:23,400.0,5.82,B
2021-07-19T13:19:22,100.0,5.82,B
2021-07-19T13:19:17,100.0,5.82,B
2021-07-19T13:19:14,1000.0,5.82,B
2021-07-19T13:19:11,200.0,5.82,B
2021-07-19T13:19:10,100.0,5.82,B
2021-07-19T13:17:59,3200.0,5.82,S
2021-07-19T13:17:55,700.0,5.83,B
2021-07-19T13:16:46,500.0,5.82,S
2021-07-19T13:16:46,13700.0,5.82,B
2021-07-19T13:16:32,1000.0,5.81,S
2021-07-19T13:16:21,5000.0,5.81,S
2021-07-19T13:16:14,500.0,5.81,S
2021-07-19T13:16:09,14900.0,5.81,B
2021-07-19T13:16:09,3000.0,5.81,B
2021-07-19T13:15:35,5700.0,5.81,B
2021-07-19T13:15:29,400.0,5.81,S
2021-07-19T13:15:20,1000.0,5.81,S
2021-07-19T13:15:13,400.0,5.81,B
2021-07-19T13:15:13,20000.0,5.81,B
2021-07-19T13:15:13,4000.0,5.81,B
2021-07-19T13:15:12,600.0,5.81,B
2021-07-19T13:15:07,3000.0,5.81,B
2021-07-19T13:15:04,5000.0,5.8,S
2021-07-19T13:14:59,10000.0,5.8,S
2021-07-19T13:14:51,5000.0,5.81,B
2021-07-19T13:14:41,300.0,5.81,B
2021-07-19T13:14:33,500.0,5.81,B
2021-07-19T13:14:24,1600.0,5.81,B
2021-07-19T13:14:10,14000.0,5.81,S
2021-07-19T13:14:00,4600.0,5.81,S
2021-07-19T13:13:57,200.0,5.81,S
2021-07-19T13:13:49,3000.0,5.81,S
2021-07-19T13:13:24,300.0,5.81,S
2021-07-19T13:13:18,1000.0,5.82,B
2021-07-19T13:13:17,1000.0,5.82,B
2021-07-19T13:13:12,500.0,5.82,B
2021-07-19T13:13:09,200.0,5.82,B
2021-07-19T13:13:03,600.0,5.82,B
2021-07-19T13:12:34,100.0,5.82,B
2021-07-19T13:12:30,100.0,5.82,B
2021-07-19T13:12:28,200.0,5.81,S
2021-07-19T13:12:17,1000.0,5.82,B
2021-07-19T13:12:03,1000.0,5.82,B
2021-07-19T13:11:49,2000.0,5.81,B
2021-07-19T13:11:46,1000.0,5.8,S
2021-07-19T13:11:40,16800.0,5.8,B
2021-07-19T13:11:19,200.0,5.8,B
2021-07-19T13:11:17,1000.0,5.8,B
2021-07-19T13:11:11,200.0,5.8,S
2021-07-19T13:11:11,2200.0,5.8,S
2021-07-19T13:11:06,100.0,5.8,S
2021-07-19T13:11:05,2000.0,5.8,S
2021-07-19T13:11:03,15700.0,5.8,B
2021-07-19T13:10:57,300.0,5.8,B
2021-07-19T13:10:50,5000.0,5.79,S
2021-07-19T13:10:44,100.0,5.8,B
2021-07-19T13:10:35,3200.0,5.8,B
2021-07-19T13:10:35,16800.0,5.8,B
2021-07-19T13:10:25,6000.0,5.79,S
2021-07-19T13:09:54,100.0,5.8,B
2021-07-19T13:09:52,5400.0,5.8,S
2021-07-19T13:09:45,1500.0,5.8,S
2021-07-19T13:09:44,3100.0,5.79,B
2021-07-19T13:09:41,5000.0,5.79,S
2021-07-19T13:09:41,6000.0,5.79,S
2021-07-19T13:09:38,18800.0,5.8,B
2021-07-19T13:09:38,2000.0,5.79,S
2021-07-19T13:09:13,1000.0,5.79,S
2021-07-19T13:09:00,20000.0,5.8,B
2021-07-19T13:08:52,20000.0,5.8,B
2021-07-19T13:08:51,500.0,5.79,S
2021-07-19T13:08:51,2500.0,5.79,S
2021-07-19T13:08:46,400.0,5.8,B
2021-07-19T13:08:43,2000.0,5.8,B
2021-07-19T13:08:37,900.0,5.8,B
2021-07-19T13:08:31,1200.0,5.8,S
2021-07-19T13:08:31,31900.0,5.8,S
2021-07-19T13:08:11,1300.0,5.8,S
2021-07-19T13:08:04,2200.0,5.8,S
2021-07-19T13:07:54,300.0,5.81,S
2021-07-19T13:07:52,5000.0,5.82,B
2021-07-19T13:07:34,1000.0,5.8,S
2021-07-19T13:07:32,200.0,5.81,B
2021-07-19T13:07:03,200.0,5.81,B
2021-07-19T13:07:02,1200.0,5.81,B
2021-07-19T13:07:01,1000.0,5.8,S
2021-07-19T13:07:01,13100.0,5.8,S
2021-07-19T13:06:56,3000.0,5.81,B
2021-07-19T13:06:33,300.0,5.8,S
2021-07-19T13:06:31,1000.0,5.8,S
2021-07-19T13:06:16,600.0,5.81,B
2021-07-19T13:06:12,200.0,5.81,B
2021-07-19T13:06:11,7100.0,5.81,B
2021-07-19T13:06:11,100.0,5.81,B
2021-07-19T13:06:08,100.0,5.81,B
2021-07-19T13:05:40,100.0,5.81,B
2021-07-19T13:05:36,15000.0,5.8,S
2021-07-19T13:05:26,4000.0,5.8,S
2021-07-19T13:05:24,400.0,5.8,S
2021-07-19T13:05:21,700.0,5.8,S
2021-07-19T13:05:20,13000.0,5.8,S
2021-07-19T13:05:20,300.0,5.8,S
2021-07-19T13:05:20,10000.0,5.8,S
2021-07-19T13:05:20,1000.0,5.8,S
2021-07-19T13:05:20,52000.0,5.8,S
2021-07-19T13:05:20,2000.0,5.8,S
2021-07-19T13:05:20,1700.0,5.8,S
2021-07-19T13:05:20,1000.0,5.8,S
2021-07-19T13:05:20,4100.0,5.8,S
2021-07-19T13:05:20,3900.0,5.8,S
2021-07-19T13:05:20,6500.0,5.8,S
2021-07-19T13:05:20,200.0,5.8,S
2021-07-19T13:05:19,1200.0,5.8,S
2021-07-19T13:05:19,600.0,5.8,S
2021-07-19T13:05:19,51000.0,5.8,S
2021-07-19T13:05:19,2000.0,5.8,S
2021-07-19T13:05:19,17000.0,5.8,S
2021-07-19T13:05:19,1500.0,5.8,S
2021-07-19T13:05:19,6000.0,5.8,S
2021-07-19T13:05:19,2900.0,5.8,S
2021-07-19T13:05:07,5000.0,5.8,S
2021-07-19T13:04:52,3300.0,5.8,S
2021-07-19T13:04:52,3000.0,5.8,S
2021-07-19T13:04:52,9500.0,5.8,S
2021-07-19T13:04:52,5200.0,5.8,S
2021-07-19T13:04:52,2400.0,5.8,S
2021-07-19T13:04:52,600.0,5.81,S
2021-07-19T13:04:52,26000.0,5.81,S
2021-07-19T13:04:40,4500.0,5.82,B
2021-07-19T13:04:39,500.0,5.82,S
2021-07-19T13:04:38,100.0,5.83,B
2021-07-19T13:04:31,1500.0,5.81,S
2021-07-19T13:04:31,1000.0,5.81,S
2021-07-19T13:04:19,800.0,5.82,S
2021-07-19T13:04:11,400.0,5.82,B
2021-07-19T13:04:06,200.0,5.82,S
2021-07-19T13:03:57,3000.0,5.82,S
2021-07-19T13:03:50,2000.0,5.82,S
2021-07-19T13:03:29,500.0,5.82,S
2021-07-19T13:03:16,6000.0,5.82,S
2021-07-19T13:03:12,500.0,5.83,S
2021-07-19T13:03:10,2000.0,5.83,S
2021-07-19T13:03:00,500.0,5.83,S
2021-07-19T13:02:56,2000.0,5.83,S
2021-07-19T13:02:34,1000.0,5.83,S
2021-07-19T13:02:09,2000.0,5.83,S
2021-07-19T13:02:06,14500.0,5.83,S
2021-07-19T13:01:46,500.0,5.83,S
2021-07-19T13:01:42,100.0,5.84,S
2021-07-19T13:01:42,2000.0,5.84,S
2021-07-19T13:01:42,400.0,5.84,S
2021-07-19T13:01:42,2600.0,5.84,S
2021-07-19T13:01:28,5000.0,5.85,B
2021-07-19T13:01:23,4700.0,5.85,S
2021-07-19T13:01:12,4700.0,5.85,S
2021-07-19T13:01:12,3300.0,5.85,S
2021-07-19T13:01:12,7000.0,5.85,S
2021-07-19T13:00:51,3100.0,5.85,S
2021-07-19T13:00:51,11300.0,5.85,S
2021-07-19T13:00:51,14500.0,5.85,S
2021-07-19T13:00:51,11600.0,5.85,S
2021-07-19T13:00:51,59500.0,5.85,S
2021-07-19T13:00:45,5400.0,5.85,S
2021-07-19T13:00:34,9700.0,5.85,S
2021-07-19T13:00:34,6500.0,5.85,S
2021-07-19T13:00:29,200.0,5.85,S
2021-07-19T13:00:29,10000.0,5.85,S
2021-07-19T13:00:24,100.0,5.86,B
2021-07-19T13:00:24,200.0,5.86,B
2021-07-19T13:00:24,100.0,5.86,B
2021-07-19T13:00:23,9600.0,5.85,S
2021-07-19T13:00:23,6000.0,5.85,S
2021-07-19T13:00:23,900.0,5.85,S
2021-07-19T13:00:23,4200.0,5.85,S
2021-07-19T13:00:23,5000.0,5.85,S
2021-07-19T13:00:23,4300.0,5.85,S
2021-07-19T13:00:21,100.0,5.86,B
2021-07-19T13:00:21,100.0,5.86,B
2021-07-19T13:00:21,200.0,5.86,B
2021-07-19T13:00:15,5600.0,5.85,S
2021-07-19T13:00:15,100.0,5.86,B
2021-07-19T13:00:14,1300.0,5.86,B
2021-07-19T13:00:13,200.0,5.86,B
2021-07-19T13:00:13,800.0,5.85,S
2021-07-19T13:00:07,6700.0,5.85,S
2021-07-19T13:00:07,500.0,5.85,S
2021-07-19T13:00:07,1000.0,5.86,B
2021-07-19T11:31:17,100.0,5.87,B
2021-07-19T11:29:35,3500.0,5.86,S
2021-07-19T11:29:35,2300.0,5.86,S
2021-07-19T11:29:29,3700.0,5.86,S
2021-07-19T11:29:28,600.0,5.86,S
2021-07-19T11:29:24,200.0,5.86,S
2021-07-19T11:28:58,500.0,5.86,S
2021-07-19T11:28:58,200.0,5.86,S
2021-07-19T11:28:54,800.0,5.86,S
2021-07-19T11:28:51,20000.0,5.86,S
2021-07-19T11:28:29,1800.0,5.86,S
2021-07-19T11:28:28,2000.0,5.86,S
2021-07-19T11:28:24,1600.0,5.86,S
2021-07-19T11:28:24,8400.0,5.86,S
2021-07-19T11:28:22,13400.0,5.86,S
2021-07-19T11:27:49,200.0,5.86,S
2021-07-19T11:27:48,15800.0,5.86,S
2021-07-19T11:27:40,1000.0,5.86,S
2021-07-19T11:27:19,32500.0,5.86,S
2021-07-19T11:27:19,1500.0,5.86,S
2021-07-19T11:27:19,3100.0,5.86,S
2021-07-19T11:27:19,12000.0,5.86,S
2021-07-19T11:27:19,900.0,5.86,S
2021-07-19T11:26:57,100.0,5.87,B
2021-07-19T11:26:55,4100.0,5.87,S
2021-07-19T11:26:40,4000.0,5.87,S
2021-07-19T11:26:37,2000.0,5.87,S
2021-07-19T11:26:37,300.0,5.88,B
2021-07-19T11:26:28,2900.0,5.87,S
2021-07-19T11:26:10,1000.0,5.87,S
2021-07-19T11:25:41,3300.0,5.87,S
2021-07-19T11:25:41,3700.0,5.87,S
2021-07-19T11:25:31,1000.0,5.87,S
2021-07-19T11:25:14,5000.0,5.88,B
2021-07-19T11:25:10,5000.0,5.87,S
2021-07-19T11:25:02,2300.0,5.87,S
2021-07-19T11:25:02,200.0,5.87,S
2021-07-19T11:25:01,17500.0,5.87,S
2021-07-19T11:25:00,900.0,5.87,S
2021-07-19T11:25:00,800.0,5.87,S
2021-07-19T11:25:00,700.0,5.87,S
2021-07-19T11:25:00,600.0,5.87,S
2021-07-19T11:24:59,1000.0,5.87,S
2021-07-19T11:24:17,100.0,5.88,B
2021-07-19T11:24:14,2000.0,5.87,S
2021-07-19T11:24:01,20000.0,5.88,B
2021-07-19T11:23:38,1000.0,5.88,B
2021-07-19T11:23:12,300.0,5.88,B
2021-07-19T11:23:11,100.0,5.88,B
2021-07-19T11:22:58,500.0,5.88,B
2021-07-19T11:22:48,14000.0,5.87,S
2021-07-19T11:22:42,50000.0,5.88,B
2021-07-19T11:22:16,300.0,5.88,B
2021-07-19T11:22:03,2000.0,5.87,S
2021-07-19T11:21:56,100.0,5.88,B
2021-07-19T11:21:40,1000.0,5.88,S
2021-07-19T11:21:40,100.0,5.88,S
2021-07-19T11:21:40,24600.0,5.88,S
2021-07-19T11:21:40,11300.0,5.88,S
2021-07-19T11:21:40,1400.0,5.88,S
2021-07-19T11:21:11,19700.0,5.88,S
2021-07-19T11:21:11,1500.0,5.88,S
2021-07-19T11:21:04,16700.0,5.88,S
2021-07-19T11:21:04,12300.0,5.88,S
2021-07-19T11:20:42,100.0,5.88,S
2021-07-19T11:20:34,7000.0,5.88,S
2021-07-19T11:19:44,2700.0,5.88,S
2021-07-19T11:19:29,200.0,5.88,S
2021-07-19T11:19:14,5400.0,5.88,S
2021-07-19T11:17:19,200.0,5.89,B
2021-07-19T11:16:44,100.0,5.89,B
2021-07-19T11:16:12,1000.0,5.89,B
2021-07-19T11:15:40,9000.0,5.88,S
2021-07-19T11:14:31,3500.0,5.89,B
2021-07-19T11:13:50,2500.0,5.89,B
2021-07-19T11:13:40,800.0,5.89,B
2021-07-19T11:13:31,5500.0,5.89,S
2021-07-19T11:13:31,100.0,5.89,S
2021-07-19T11:13:31,11200.0,5.89,S
2021-07-19T11:13:13,10000.0,5.89,S
2021-07-19T11:12:51,7500.0,5.89,S
2021-07-19T11:12:32,2000.0,5.89,S
2021-07-19T11:12:24,10000.0,5.89,S
2021-07-19T11:11:52,3000.0,5.89,S
2021-07-19T11:10:34,100.0,5.89,S
2021-07-19T11:10:28,200.0,5.9,B
2021-07-19T11:10:15,400.0,5.89,S
2021-07-19T11:09:54,100.0,5.9,B
2021-07-19T11:09:38,300.0,5.9,B
2021-07-19T11:08:48,300.0,5.9,B
2021-07-19T11:07:11,200.0,5.9,B
2021-07-19T11:05:27,100.0,5.9,B
2021-07-19T11:05:26,2000.0,5.9,B
2021-07-19T11:05:22,500.0,5.89,S
2021-07-19T11:05:19,1000.0,5.9,B
2021-07-19T11:05:15,800.0,5.89,S
2021-07-19T11:04:39,100.0,5.89,S
2021-07-19T11:04:00,5600.0,5.9,B
2021-07-19T11:03:59,300.0,5.9,S
2021-07-19T11:03:57,4100.0,5.9,B
2021-07-19T11:03:47,1100.0,5.9,S
2021-07-19T11:03:47,1000.0,5.9,S
2021-07-19T11:03:47,13800.0,5.9,S
2021-07-19T11:03:45,2500.0,5.9,S
2021-07-19T11:03:44,1000.0,5.9,S
2021-07-19T11:03:34,6000.0,5.9,S
2021-07-19T11:02:56,1500.0,5.9,S
2021-07-19T11:02:54,200.0,5.91,B
2021-07-19T11:01:49,100.0,5.91,B
2021-07-19T11:01:44,900.0,5.9,S
2021-07-19T11:01:29,100.0,5.91,B
2021-07-19T11:01:29,500.0,5.91,B
2021-07-19T11:01:22,3700.0,5.9,S
2021-07-19T11:00:19,1100.0,5.9,S
2021-07-19T11:00:18,2800.0,5.9,S
2021-07-19T11:00:17,3000.0,5.9,S
2021-07-19T11:00:17,300.0,5.9,S
2021-07-19T11:00:13,1000.0,5.9,S
2021-07-19T11:00:01,1000.0,5.9,S
2021-07-19T10:59:48,100.0,5.9,S
2021-07-19T10:59:46,900.0,5.9,S
2021-07-19T10:59:35,3000.0,5.91,B
2021-07-19T10:59:19,1000.0,5.9,S
2021-07-19T10:58:17,500.0,5.9,S
2021-07-19T10:58:16,5000.0,5.91,B
2021-07-19T10:58:13,4000.0,5.9,S
2021-07-19T10:58:05,1000.0,5.9,S
2021-07-19T10:57:55,5700.0,5.9,B
2021-07-19T10:57:45,100.0,5.9,B
2021-07-19T10:56:27,20000.0,5.89,S
2021-07-19T10:56:25,100.0,5.9,B
2021-07-19T10:56:21,100.0,5.9,B
2021-07-19T10:56:20,1500.0,5.9,B
2021-07-19T10:56:08,100.0,5.9,B
2021-07-19T10:55:55,100.0,5.9,B
2021-07-19T10:55:38,1000.0,5.9,B
2021-07-19T10:55:06,2000.0,5.9,B
2021-07-19T10:54:32,100.0,5.9,B
2021-07-19T10:53:54,100.0,5.9,B
2021-07-19T10:53:32,1000.0,5.9,B
2021-07-19T10:53:25,100.0,5.9,B
2021-07-19T10:53:09,3000.0,5.89,S
2021-07-19T10:52:49,400.0,5.9,S
2021-07-19T10:52:40,600.0,5.9,B
2021-07-19T10:52:39,2000.0,5.9,B
2021-07-19T10:52:32,1000.0,5.89,S
2021-07-19T10:52:32,10000.0,5.9,B
2021-07-19T10:52:27,100.0,5.9,B
2021-07-19T10:52:11,1000.0,5.9,B
2021-07-19T10:52:09,10000.0,5.89,S
2021-07-19T10:51:44,2000.0,5.89,S
2021-07-19T10:51:09,700.0,5.9,S
2021-07-19T10:51:09,200.0,5.9,S
2021-07-19T10:51:09,800.0,5.9,S
2021-07-19T10:51:09,9600.0,5.9,S
2021-07-19T10:51:04,2000.0,5.9,S
2021-07-19T10:50:43,500.0,5.9,S
2021-07-19T10:50:42,800.0,5.9,S
2021-07-19T10:50:42,300.0,5.9,S
2021-07-19T10:50:42,200.0,5.9,S
2021-07-19T10:50:42,18700.0,5.9,S
2021-07-19T10:50:20,1600.0,5.9,S
2021-07-19T10:50:20,2100.0,5.9,S
2021-07-19T10:50:03,4000.0,5.9,S
2021-07-19T10:49:42,5700.0,5.9,S
2021-07-19T10:49:42,1200.0,5.9,S
2021-07-19T10:49:42,2300.0,5.9,S
2021-07-19T10:49:42,2000.0,5.9,S
2021-07-19T10:49:42,88800.0,5.9,S
2021-07-19T10:49:20,1100.0,5.91,S
2021-07-19T10:49:04,2000.0,5.91,S
2021-07-19T10:48:46,53000.0,5.91,S
2021-07-19T10:48:27,300.0,5.91,S
2021-07-19T10:48:22,200.0,5.91,S
2021-07-19T10:48:04,2000.0,5.91,S
2021-07-19T10:47:09,100.0,5.91,S
2021-07-19T10:46:42,1000.0,5.91,S
2021-07-19T10:46:35,200.0,5.91,S
2021-07-19T10:46:35,5000.0,5.91,S
2021-07-19T10:46:22,2000.0,5.92,B
2021-07-19T10:45:55,1500.0,5.91,S
2021-07-19T10:45:48,20100.0,5.92,S
2021-07-19T10:45:44,1000.0,5.92,S
2021-07-19T10:45:28,2000.0,5.92,S
2021-07-19T10:45:26,100.0,5.93,B
2021-07-19T10:45:19,500.0,5.92,S
2021-07-19T10:45:15,300.0,5.93,B
2021-07-19T10:44:36,3400.0,5.92,S
2021-07-19T10:44:31,5600.0,5.92,B
2021-07-19T10:44:13,500.0,5.92,B
2021-07-19T10:44:03,1000.0,5.92,B
2021-07-19T10:43:31,100.0,5.92,B
2021-07-19T10:43:31,900.0,5.91,S
2021-07-19T10:43:28,1100.0,5.92,B
2021-07-19T10:43:28,8900.0,5.92,B
2021-07-19T10:43:14,300.0,5.91,S
2021-07-19T10:43:03,19000.0,5.91,S
2021-07-19T10:42:51,500.0,5.91,S
2021-07-19T10:42:33,100.0,5.91,S
2021-07-19T10:42:24,500.0,5.91,S
2021-07-19T10:42:22,5000.0,5.92,B
2021-07-19T10:42:18,2600.0,5.92,B
2021-07-19T10:42:16,200.0,5.91,S
2021-07-19T10:41:41,3000.0,5.92,B
2021-07-19T10:41:29,500.0,5.91,S
2021-07-19T10:40:49,1000.0,5.92,B
2021-07-19T10:40:38,1000.0,5.92,B
2021-07-19T10:40:33,10000.0,5.92,B
2021-07-19T10:39:32,500.0,5.91,S
2021-07-19T10:39:28,2000.0,5.92,B
2021-07-19T10:39:20,5000.0,5.92,B
2021-07-19T10:39:13,100.0,5.92,B
2021-07-19T10:39:01,200.0,5.92,B
2021-07-19T10:39:00,500.0,5.92,B
2021-07-19T10:38:46,100.0,5.92,B
2021-07-19T10:38:45,2300.0,5.91,S
2021-07-19T10:38:42,2400.0,5.91,S
2021-07-19T10:38:32,25000.0,5.92,B
2021-07-19T10:38:30,100.0,5.92,B
2021-07-19T10:38:24,100.0,5.92,B
2021-07-19T10:38:12,100.0,5.92,B
2021-07-19T10:37:50,200.0,5.92,B
2021-07-19T10:37:37,3000.0,5.92,B
2021-07-19T10:37:00,1000.0,5.92,B
2021-07-19T10:36:34,4900.0,5.91,S
2021-07-19T10:36:34,500.0,5.91,S
2021-07-19T10:36:34,4600.0,5.91,S
2021-07-19T10:35:49,700.0,5.91,S
2021-07-19T10:35:35,5000.0,5.92,B
2021-07-19T10:34:45,500.0,5.92,B
2021-07-19T10:34:41,300.0,5.92,B
2021-07-19T10:34:38,1500.0,5.91,S
2021-07-19T10:33:34,2000.0,5.92,B
2021-07-19T10:33:30,500.0,5.92,B
2021-07-19T10:33:25,1000.0,5.92,B
2021-07-19T10:33:16,100.0,5.92,B
2021-07-19T10:33:13,100.0,5.92,B
2021-07-19T10:33:02,5000.0,5.91,S
2021-07-19T10:31:56,100.0,5.92,B
2021-07-19T10:31:02,1000.0,5.92,B
2021-07-19T10:29:13,1700.0,5.92,B
2021-07-19T10:29:11,2000.0,5.92,B
2021-07-19T10:29:06,200.0,5.91,S
2021-07-19T10:29:03,100.0,5.91,S
2021-07-19T10:29:01,3000.0,5.92,B
2021-07-19T10:28:43,4400.0,5.91,B
2021-07-19T10:28:43,1000.0,5.91,B
2021-07-19T10:28:27,2000.0,5.9,S
2021-07-19T10:28:21,1000.0,5.91,B
2021-07-19T10:28:16,5000.0,5.91,B
2021-07-19T10:28:11,400.0,5.91,B
2021-07-19T10:28:06,32000.0,5.91,B
2021-07-19T10:27:59,1500.0,5.91,B
2021-07-19T10:27:52,1000.0,5.91,B
2021-07-19T10:27:33,100.0,5.91,B
2021-07-19T10:27:14,2000.0,5.91,B
2021-07-19T10:26:44,1500.0,5.9,S
2021-07-19T10:26:30,100.0,5.91,B
2021-07-19T10:26:29,500.0,5.9,S
2021-07-19T10:26:20,1500.0,5.91,B
2021-07-19T10:26:10,200.0,5.9,S
2021-07-19T10:26:04,1000.0,5.9,S
2021-07-19T10:25:54,2400.0,5.9,B
2021-07-19T10:25:32,100.0,5.9,B
2021-07-19T10:25:25,3000.0,5.9,B
2021-07-19T10:25:22,600.0,5.9,B
2021-07-19T10:25:21,3000.0,5.9,B
2021-07-19T10:25:10,10000.0,5.9,B
2021-07-19T10:25:08,100.0,5.9,B
2021-07-19T10:25:01,10000.0,5.9,B
2021-07-19T10:24:56,8000.0,5.88,S
2021-07-19T10:24:51,3500.0,5.9,B
2021-07-19T10:24:28,100.0,5.9,B
2021-07-19T10:24:22,10000.0,5.9,B
2021-07-19T10:24:14,100.0,5.89,B
2021-07-19T10:24:00,1000.0,5.89,B
2021-07-19T10:23:52,100.0,5.88,S
2021-07-19T10:23:36,2000.0,5.88,S
2021-07-19T10:23:32,7000.0,5.88,S
2021-07-19T10:22:51,100.0,5.88,S
2021-07-19T10:22:36,2500.0,5.88,S
2021-07-19T10:22:23,200.0,5.88,S
2021-07-19T10:22:13,100.0,5.88,S
2021-07-19T10:22:13,1500.0,5.88,S
2021-07-19T10:22:05,500.0,5.88,S
2021-07-19T10:22:05,1200.0,5.88,S
2021-07-19T10:21:57,4500.0,5.88,S
2021-07-19T10:21:57,1100.0,5.89,S
2021-07-19T10:21:57,4400.0,5.89,S
2021-07-19T10:20:53,900.0,5.9,B
2021-07-19T10:19:38,30000.0,5.9,B
2021-07-19T10:19:04,10000.0,5.9,B
2021-07-19T10:18:54,1000.0,5.89,S
2021-07-19T10:18:49,200.0,5.89,S
2021-07-19T10:18:28,100.0,5.9,B
2021-07-19T10:18:18,100.0,5.9,B
2021-07-19T10:18:00,100.0,5.9,B
2021-07-19T10:17:57,100.0,5.9,B
2021-07-19T10:17:57,200.0,5.9,B
2021-07-19T10:17:46,400.0,5.9,B
2021-07-19T10:17:17,200.0,5.9,B
2021-07-19T10:16:42,500.0,5.89,S
2021-07-19T10:16:31,500.0,5.89,S
2021-07-19T10:16:22,300.0,5.89,S
2021-07-19T10:16:19,200.0,5.89,B
2021-07-19T10:16:13,100.0,5.89,B
2021-07-19T10:15:50,100.0,5.89,B
2021-07-19T10:15:41,600.0,5.89,S
2021-07-19T10:15:37,1000.0,5.9,B
2021-07-19T10:15:15,200.0,5.9,B
2021-07-19T10:14:53,500.0,5.9,B
2021-07-19T10:14:52,1000.0,5.9,B
2021-07-19T10:14:37,100.0,5.9,B
2021-07-19T10:14:22,16000.0,5.9,S
2021-07-19T10:14:17,5000.0,5.9,S
2021-07-19T10:14:13,700.0,5.92,B
2021-07-19T10:13:06,200.0,5.92,B
2021-07-19T10:12:10,68000.0,5.92,B
2021-07-19T10:12:10,800.0,5.87,S
2021-07-19T10:11:54,300.0,5.87,S
2021-07-19T10:11:41,5000.0,5.87,S
2021-07-19T10:11:31,100.0,5.87,S
2021-07-19T10:10:59,800.0,5.87,S
2021-07-19T10:10:07,2000.0,5.87,S
2021-07-19T10:09:38,100.0,5.88,S
2021-07-19T10:09:36,1300.0,5.88,B
2021-07-19T10:09:17,1000.0,5.88,B
2021-07-19T10:09:07,2000.0,5.88,B
2021-07-19T10:08:56,2000.0,5.88,B
2021-07-19T10:08:53,500.0,5.88,S
2021-07-19T10:08:43,200.0,5.9,B
2021-07-19T10:08:16,600.0,5.9,B
2021-07-19T10:08:04,2700.0,5.88,S
2021-07-19T10:07:54,600.0,5.88,S
2021-07-19T10:07:43,5000.0,5.88,S
2021-07-19T10:07:36,300.0,5.9,B
2021-07-19T10:07:13,500.0,5.9,S
2021-07-19T10:07:08,500.0,5.9,S
2021-07-19T10:06:40,20000.0,5.88,S
2021-07-19T10:06:35,10000.0,5.89,S
2021-07-19T10:06:34,500.0,5.9,B
2021-07-19T10:06:32,600.0,5.9,S
2021-07-19T10:06:23,400.0,5.9,B
2021-07-19T10:06:16,1000.0,5.89,S
2021-07-19T10:06:09,1700.0,5.89,S
2021-07-19T10:05:52,100.0,5.89,S
2021-07-19T10:05:31,1000.0,5.89,S
2021-07-19T10:05:19,200.0,5.89,S
2021-07-19T10:04:45,1000.0,5.89,S
2021-07-19T10:04:37,10000.0,5.89,S
2021-07-19T10:04:27,100.0,5.9,B
2021-07-19T10:04:10,400.0,5.9,B
2021-07-19T10:04:10,1500.0,5.9,S
2021-07-19T10:04:10,1200.0,5.9,S
2021-07-19T10:04:10,900.0,5.9,S
2021-07-19T10:04:10,1300.0,5.9,S
2021-07-19T10:04:10,1500.0,5.9,S
2021-07-19T10:04:10,15500.0,5.9,S
2021-07-19T10:03:57,1500.0,5.9,S
2021-07-19T10:03:51,100.0,5.92,B
2021-07-19T10:03:43,900.0,5.9,S
2021-07-19T10:03:42,100.0,5.91,S
2021-07-19T10:03:34,6600.0,5.92,B
2021-07-19T10:03:17,1000.0,5.92,S
2021-07-19T10:03:01,5000.0,5.92,S
2021-07-19T10:02:52,500.0,5.92,S
2021-07-19T10:02:40,100.0,5.93,B
2021-07-19T10:02:25,900.0,5.93,S
2021-07-19T10:02:24,1100.0,5.93,S
2021-07-19T10:02:08,2900.0,5.93,S
2021-07-19T10:01:57,200.0,5.94,B
2021-07-19T10:01:36,500.0,5.93,S
2021-07-19T10:01:28,300.0,5.93,S
2021-07-19T10:01:27,100.0,5.93,S
2021-07-19T10:01:16,2000.0,5.93,S
2021-07-19T10:01:04,200.0,5.93,S
2021-07-19T10:00:54,1000.0,5.93,S
2021-07-19T10:00:20,5200.0,5.93,S
2021-07-19T10:00:17,100.0,5.93,S
2021-07-19T10:00:00,200.0,5.93,S
2021-07-19T09:59:55,1000.0,5.93,S
2021-07-19T09:59:27,10000.0,5.93,S
2021-07-19T09:58:14,2400.0,5.94,B
2021-07-19T09:58:09,6200.0,5.94,S
2021-07-19T09:58:09,2000.0,5.94,S
2021-07-19T09:57:34,5000.0,5.94,S
2021-07-19T09:57:32,4500.0,5.94,S
2021-07-19T09:57:32,5500.0,5.94,S
2021-07-19T09:57:05,400.0,5.95,B
2021-07-19T09:57:03,4000.0,5.95,B
2021-07-19T09:56:37,500.0,5.95,B
2021-07-19T09:56:20,1500.0,5.95,B
2021-07-19T09:56:02,400.0,5.94,S
2021-07-19T09:55:41,400.0,5.94,S
2021-07-19T09:55:35,1000.0,5.95,B
2021-07-19T09:55:31,10000.0,5.95,B
2021-07-19T09:54:09,100.0,5.95,B
2021-07-19T09:53:56,500.0,5.95,B
2021-07-19T09:52:42,5100.0,5.95,B
2021-07-19T09:52:39,100.0,5.95,B
2021-07-19T09:52:29,4200.0,5.94,B
2021-07-19T09:51:41,4700.0,5.95,B
2021-07-19T09:51:26,300.0,5.94,S
2021-07-19T09:51:15,10000.0,5.95,B
2021-07-19T09:51:06,100.0,5.94,B
2021-07-19T09:50:20,21900.0,5.93,B
2021-07-19T09:50:20,100.0,5.92,B
2021-07-19T09:50:20,7200.0,5.92,B
2021-07-19T09:50:16,300.0,5.9,S
2021-07-19T09:49:56,11500.0,5.9,B
2021-07-19T09:49:52,10000.0,5.9,B
2021-07-19T09:49:52,500.0,5.9,B
2021-07-19T09:49:37,2000.0,5.9,B
2021-07-19T09:49:36,2000.0,5.89,S
2021-07-19T09:49:35,11000.0,5.9,B
2021-07-19T09:49:20,10000.0,5.9,B
2021-07-19T09:49:15,300.0,5.89,B
2021-07-19T09:48:37,5000.0,5.9,B
2021-07-19T09:48:35,10000.0,5.88,B
2021-07-19T09:48:31,800.0,5.88,S
2021-07-19T09:48:25,14000.0,5.9,B
2021-07-19T09:48:25,2000.0,5.9,S
2021-07-19T09:48:23,5000.0,5.9,S
2021-07-19T09:48:19,2000.0,5.9,S
2021-07-19T09:48:17,200.0,5.9,S
2021-07-19T09:48:06,27000.0,5.9,S
2021-07-19T09:47:58,50000.0,5.9,B
2021-07-19T09:47:52,100.0,5.87,S
2021-07-19T09:47:47,1000.0,5.9,B
2021-07-19T09:47:39,3700.0,5.87,B
2021-07-19T09:47:39,2000.0,5.86,S
2021-07-19T09:47:33,2000.0,5.86,S
2021-07-19T09:47:32,5000.0,5.87,B
2021-07-19T09:47:30,400.0,5.86,S
2021-07-19T09:47:29,2000.0,5.87,B
2021-07-19T09:47:27,500.0,5.86,S
2021-07-19T09:47:21,100.0,5.86,S
2021-07-19T09:47:21,10000.0,5.87,B
2021-07-19T09:47:19,24000.0,5.86,S
2021-07-19T09:47:19,1700.0,5.86,S
2021-07-19T09:47:07,1000.0,5.86,S
2021-07-19T09:47:05,200.0,5.86,S
2021-07-19T09:47:04,3000.0,5.86,S
2021-07-19T09:46:57,200.0,5.86,S
2021-07-19T09:46:53,5100.0,5.86,S
2021-07-19T09:46:50,100.0,5.86,S
2021-07-19T09:46:49,1000.0,5.87,B
2021-07-19T09:46:47,100.0,5.86,S
2021-07-19T09:46:31,1000.0,5.86,S
2021-07-19T09:46:25,1600.0,5.86,S
2021-07-19T09:46:20,6000.0,5.87,B
2021-07-19T09:46:19,300.0,5.86,S
2021-07-19T09:46:19,1000.0,5.86,S
2021-07-19T09:46:16,1000.0,5.86,S
2021-07-19T09:46:16,2000.0,5.86,S
2021-07-19T09:46:15,1800.0,5.86,S
2021-07-19T09:46:15,200.0,5.86,S
2021-07-19T09:46:07,100.0,5.86,S
2021-07-19T09:46:07,1900.0,5.86,S
2021-07-19T09:46:03,3500.0,5.86,S
2021-07-19T09:45:41,1800.0,5.87,B
2021-07-19T09:45:36,500.0,5.87,S
2021-07-19T09:45:36,1800.0,5.87,S
2021-07-19T09:45:36,800.0,5.87,S
2021-07-19T09:45:23,1100.0,5.87,S
2021-07-19T09:45:23,500.0,5.87,S
2021-07-19T09:45:14,8000.0,5.87,S
2021-07-19T09:45:11,600.0,5.87,B
2021-07-19T09:44:58,400.0,5.87,S
2021-07-19T09:44:55,6000.0,5.87,S
2021-07-19T09:44:43,200.0,5.88,B
2021-07-19T09:44:43,700.0,5.87,S
2021-07-19T09:44:42,1000.0,5.87,S
2021-07-19T09:44:32,5000.0,5.88,B
2021-07-19T09:44:32,15000.0,5.87,S
2021-07-19T09:44:22,100.0,5.88,B
2021-07-19T09:44:19,1000.0,5.87,S
2021-07-19T09:44:14,200.0,5.87,S
2021-07-19T09:43:59,1000.0,5.88,S
2021-07-19T09:43:57,400.0,5.88,S
2021-07-19T09:43:49,2000.0,5.88,S
2021-07-19T09:43:43,1000.0,5.88,S
2021-07-19T09:43:36,2000.0,5.88,S
2021-07-19T09:43:29,300.0,5.88,S
2021-07-19T09:43:26,5000.0,5.89,B
2021-07-19T09:43:24,200.0,5.9,B
2021-07-19T09:43:24,800.0,5.89,B
2021-07-19T09:43:19,2200.0,5.89,S
2021-07-19T09:42:51,10000.0,5.9,B
2021-07-19T09:42:48,500.0,5.9,B
2021-07-19T09:42:48,1900.0,5.9,S
2021-07-19T09:42:41,7000.0,5.9,S
2021-07-19T09:42:40,100.0,5.9,S
2021-07-19T09:42:40,100.0,5.9,S
2021-07-19T09:42:40,14800.0,5.9,S
2021-07-19T09:42:39,2000.0,5.92,B
2021-07-19T09:42:39,400.0,5.9,S
2021-07-19T09:42:38,4300.0,5.9,S
2021-07-19T09:42:38,200.0,5.9,S
2021-07-19T09:42:38,5500.0,5.9,S
2021-07-19T09:42:37,4000.0,5.9,S
2021-07-19T09:42:32,1500.0,5.9,S
2021-07-19T09:42:27,5000.0,5.9,S
2021-07-19T09:42:27,3000.0,5.9,S
2021-07-19T09:42:20,20000.0,5.9,S
2021-07-19T09:42:16,5000.0,5.9,S
2021-07-19T09:42:13,500.0,5.92,B
2021-07-19T09:42:10,300.0,5.92,S
2021-07-19T09:42:03,200.0,5.92,S
2021-07-19T09:41:47,100.0,5.93,S
2021-07-19T09:41:41,18200.0,5.9,S
2021-07-19T09:41:41,1000.0,5.9,S
2021-07-19T09:41:41,100.0,5.9,S
2021-07-19T09:41:41,31100.0,5.9,S
2021-07-19T09:41:41,1600.0,5.91,S
2021-07-19T09:41:41,1600.0,5.91,S
2021-07-19T09:41:41,20600.0,5.92,S
2021-07-19T09:41:30,100.0,5.93,S
2021-07-19T09:41:01,300.0,5.94,B
2021-07-19T09:40:51,100.0,5.94,B
2021-07-19T09:40:28,100.0,5.94,S
2021-07-19T09:40:27,200.0,5.94,S
2021-07-19T09:40:18,3000.0,5.93,S
2021-07-19T09:39:59,1000.0,5.93,S
2021-07-19T09:39:58,700.0,5.93,B
2021-07-19T09:39:43,200.0,5.93,B
2021-07-19T09:39:40,500.0,5.93,B
2021-07-19T09:39:39,11000.0,5.93,B
2021-07-19T09:39:37,3600.0,5.93,S
2021-07-19T09:39:37,1500.0,5.93,S
2021-07-19T09:39:37,1000.0,5.93,S
2021-07-19T09:39:37,6500.0,5.93,S
2021-07-19T09:39:15,5000.0,5.93,S
2021-07-19T09:39:11,500.0,5.93,S
2021-07-19T09:39:10,2000.0,5.93,S
2021-07-19T09:39:08,2300.0,5.93,S
2021-07-19T09:38:56,200.0,5.93,S
2021-07-19T09:38:36,200.0,5.93,S
2021-07-19T09:38:02,17600.0,5.93,S
2021-07-19T09:37:52,8000.0,5.93,S
2021-07-19T09:37:40,5000.0,5.93,S
2021-07-19T09:37:12,1400.0,5.93,S
2021-07-19T09:37:12,1100.0,5.94,S
2021-07-19T09:37:12,400.0,5.94,S
2021-07-19T09:37:12,7100.0,5.94,S
2021-07-19T09:37:12,10000.0,5.95,S
2021-07-19T09:36:58,14000.0,5.95,S
2021-07-19T09:36:56,400.0,5.95,S
2021-07-19T09:36:56,6600.0,5.95,S
2021-07-19T09:36:54,100.0,5.95,S
2021-07-19T09:36:10,700.0,5.95,S
2021-07-19T09:36:09,1000.0,5.96,B
2021-07-19T09:36:01,300.0,5.96,B
2021-07-19T09:35:52,500.0,5.96,B
2021-07-19T09:35:50,2000.0,5.95,S
2021-07-19T09:35:44,500.0,5.96,B
2021-07-19T09:35:39,5000.0,5.95,S
2021-07-19T09:35:26,300.0,5.95,S
2021-07-19T09:35:21,10000.0,5.95,S
2021-07-19T09:35:14,1000.0,5.95,S
2021-07-19T09:35:04,4000.0,5.97,B
2021-07-19T09:35:00,100.0,5.95,S
2021-07-19T09:34:50,1000.0,5.96,B
2021-07-19T09:34:41,8300.0,5.96,B
2021-07-19T09:34:40,4300.0,5.96,S
2021-07-19T09:34:33,6700.0,5.97,B
2021-07-19T09:34:22,300.0,5.97,S
2021-07-19T09:34:05,5200.0,5.98,S
2021-07-19T09:33:55,5000.0,5.98,S
2021-07-19T09:33:49,100.0,5.98,S
2021-07-19T09:33:49,300.0,5.99,B
2021-07-19T09:33:49,1500.0,5.98,S
2021-07-19T09:33:36,400.0,5.99,B
2021-07-19T09:33:20,300.0,5.99,S
2021-07-19T09:33:20,2000.0,5.99,S
2021-07-19T09:33:16,600.0,5.99,B
2021-07-19T09:33:09,2000.0,5.99,B
2021-07-19T09:33:02,1000.0,5.99,B
2021-07-19T09:32:58,200.0,5.99,B
2021-07-19T09:32:53,500.0,5.99,S
2021-07-19T09:32:46,5000.0,5.99,S
2021-07-19T09:32:43,50000.0,6.0,B
2021-07-19T09:32:32,3500.0,5.99,S
2021-07-19T09:32:32,500.0,5.99,S
2021-07-19T09:32:31,3600.0,5.99,S
2021-07-19T09:32:14,1000.0,5.99,B
2021-07-19T09:31:56,3000.0,5.99,B
2021-07-19T09:31:50,2000.0,5.98,S
2021-07-19T09:31:38,10000.0,6.0,B
2021-07-19T09:31:32,2000.0,5.98,B
2021-07-19T09:31:20,1100.0,5.98,S
2021-07-19T09:31:17,1000.0,5.98,S
2021-07-19T09:31:16,36400.0,6.0,B
2021-07-19T09:31:16,8300.0,6.0,B
2021-07-19T09:31:16,2000.0,6.0,B
2021-07-19T09:31:16,10000.0,6.0,B
2021-07-19T09:31:16,400.0,6.0,B
2021-07-19T09:31:16,6200.0,6.0,B
2021-07-19T09:31:16,11500.0,6.0,B
2021-07-19T09:31:16,21300.0,6.0,B
2021-07-19T09:31:16,11600.0,6.0,B
2021-07-19T09:31:16,16000.0,6.0,B
2021-07-19T09:31:16,8100.0,6.0,B
2021-07-19T09:31:16,1000.0,5.99,B
2021-07-19T09:31:16,27200.0,5.99,B
2021-07-19T09:31:00,200.0,5.99,B
2021-07-19T09:30:56,800.0,5.98,B
2021-07-19T09:30:55,200.0,5.98,B
2021-07-19T09:30:43,2900.0,5.98,S
2021-07-19T09:30:39,1000.0,5.99,B
2021-07-19T09:30:34,100.0,5.98,S
2021-07-19T09:30:29,300.0,5.98,S
2021-07-19T09:30:20,10000.0,5.99,B
2021-07-19T09:30:12,200.0,5.98,S
2021-07-19T09:30:08,800.0,5.98,B
2021-07-19T09:30:02,100.0,5.98,B
2021-07-19T09:29:27,30000.0,5.98,B
2021-07-19T09:29:19,600.0,5.97,B
2021-07-19T09:29:13,1500.0,5.97,B
2021-07-19T09:28:35,700.0,5.97,B
2021-07-19T09:28:18,2000.0,5.97,B
2021-07-19T09:28:14,2000.0,5.97,B
2021-07-19T09:28:00,800.0,5.97,S
2021-07-19T09:27:59,10000.0,5.98,B
2021-07-19T09:27:57,12100.0,5.95,S
2021-07-19T09:27:57,3900.0,5.95,S
2021-07-19T09:27:57,34000.0,5.95,S
2021-07-19T09:27:51,200.0,5.98,B
2021-07-19T09:27:50,2000.0,5.98,B
2021-07-19T09:27:43,200.0,5.98,B
2021-07-19T09:27:33,5000.0,5.98,B
2021-07-19T09:27:27,10000.0,5.98,B
2021-07-19T09:27:25,5000.0,5.97,S
2021-07-19T09:27:19,500.0,5.98,B
2021-07-19T09:27:15,100.0,5.97,S
2021-07-19T09:27:06,2500.0,5.97,S
2021-07-19T09:27:05,700.0,5.97,B
2021-07-19T09:26:57,2000.0,5.97,B
2021-07-19T09:26:50,500.0,5.97,B
2021-07-19T09:26:45,500.0,5.97,B
2021-07-19T09:26:38,300.0,5.97,B
2021-07-19T09:26:37,800.0,5.97,S
2021-07-19T09:26:31,2000.0,5.98,B
2021-07-19T09:26:30,200.0,5.98,B
2021-07-19T09:26:25,100.0,5.98,B
2021-07-19T09:26:16,200.0,5.98,B
2021-07-19T09:26:06,100.0,5.98,B
2021-07-19T09:26:06,1300.0,5.97,B
2021-07-19T09:26:05,1600.0,5.96,S
2021-07-19T09:26:02,5300.0,5.96,S
2021-07-19T09:25:54,1000.0,5.97,B
2021-07-19T09:25:52,9500.0,5.96,B
2021-07-19T09:25:51,500.0,5.96,B
2021-07-19T09:25:48,1000.0,5.96,B
2021-07-19T09:25:44,2000.0,5.96,B
2021-07-19T09:25:43,3000.0,5.96,S
2021-07-19T09:25:39,2000.0,5.97,B
2021-07-19T09:25:20,20000.0,5.95,S
2021-07-19T09:25:19,1000.0,5.97,B
2021-07-19T09:25:19,1000.0,5.97,B
2021-07-19T09:25:02,100.0,5.97,B
2021-07-19T09:24:59,300.0,5.97,B
2021-07-19T09:24:57,300.0,5.97,B
2021-07-19T09:24:56,1000.0,5.97,B
2021-07-19T09:24:55,200.0,5.97,B
2021-07-19T09:24:46,200.0,5.97,B
2021-07-19T09:24:31,300.0,5.95,S
2021-07-19T09:24:18,30000.0,5.95,B
2021-07-19T09:24:13,5000.0,5.97,B
2021-07-19T09:24:12,200.0,5.95,B
2021-07-19T09:24:02,6500.0,5.93,S
2021-07-19T09:24:02,3500.0,5.93,S
2021-07-19T09:23:58,5000.0,5.95,B
2021-07-19T09:23:49,400.0,5.95,B
2021-07-19T09:23:49,300.0,5.95,B
2021-07-19T09:23:49,200.0,5.95,B
2021-07-19T09:23:49,14000.0,5.95,B
2021-07-19T09:23:35,1000.0,5.95,B
2021-07-19T09:23:30,100.0,5.95,B
2021-07-19T09:23:27,500.0,5.93,S
2021-07-19T09:23:23,1000.0,5.95,B
2021-07-19T09:23:21,300.0,5.95,B
2021-07-19T09:23:20,200.0,5.95,B
2021-07-19T09:23:17,1000.0,5.95,B
2021-07-19T09:23:08,2000.0,5.95,B
2021-07-19T09:23:04,600.0,5.95,B
2021-07-19T09:22:44,500.0,5.95,B
2021-07-19T09:22:41,900.0,5.95,B
2021-07-19T09:22:38,6000.0,5.92,S
2021-07-19T09:22:38,1000.0,5.95,B
2021-07-19T09:22:35,1000.0,5.95,B
2021-07-19T09:22:17,1000.0,5.95,B
2021-07-19T09:22:17,200.0,5.95,B
2021-07-19T09:22:11,1000.0,5.91,S
2021-07-19T09:22:07,300.0,5.95,S
2021-07-19T09:22:01,5000.0,5.95,S
2021-07-19T09:22:01,15000.0,5.95,S
2021-07-19T09:21:49,5000.0,5.95,B
2021-07-19T09:21:44,2000.0,5.95,B
2021-07-19T09:21:26,12300.0,5.9,S
2021-07-19T09:20:49,2000.0,5.9,S
2021-07-19T09:20:46,4000.0,5.9,S
2021-07-19T09:20:39,100.0,5.87,S
2021-07-19T09:20:37,500.0,5.87,S
2021-07-19T09:20:33,1000.0,5.9,B
2021-07-19T09:20:06,5000.0,5.87,S
2021-07-19T09:20:00,19400.0,5.99,B
2021-07-19T09:20:00,18800.0,5.97,S
2021-07-19T09:19:56,800.0,5.99,B
2021-07-19T09:19:52,3000.0,5.99,B
2021-07-19T09:19:49,1000.0,5.97,S
2021-07-19T09:19:44,200.0,5.97,S
2021-07-19T09:19:42,200.0,5.97,S
2021-07-19T09:19:35,1000.0,5.97,S
2021-07-19T09:19:12,12000.0,5.91,B
2021-07-19T09:19:12,16800.0,5.9,B
2021-07-19T09:19:09,1000.0,5.9,B
2021-07-19T09:19:07,900.0,5.9,B
2021-07-19T09:18:57,1000.0,5.9,B
2021-07-19T09:18:57,5000.0,5.9,B
2021-07-19T09:18:45,1000.0,5.9,B
2021-07-19T09:18:41,2000.0,5.86,S
2021-07-19T09:18:31,5000.0,5.9,B
2021-07-19T09:18:09,6000.0,5.9,B
2021-07-19T09:18:05,500.0,5.9,B
2021-07-19T09:18:03,5000.0,5.85,S
2021-07-19T09:17:59,1000.0,5.9,B
2021-07-19T09:17:56,100.0,5.9,B
2021-07-19T09:17:55,100.0,5.9,B
2021-07-19T09:17:54,300.0,5.9,B
2021-07-19T09:17:51,1000.0,5.9,B
2021-07-19T09:17:51,200.0,5.9,B
2021-07-19T09:17:49,300.0,5.85,S
2021-07-19T09:17:42,100.0,5.9,B
2021-07-19T09:17:39,100.0,5.9,B
2021-07-19T09:17:35,100.0,5.9,B
2021-07-19T09:17:34,1000.0,5.9,B
2021-07-19T09:17:33,500.0,5.9,B
2021-07-19T09:17:33,1000.0,5.9,B
2021-07-19T09:17:32,500.0,5.9,B
2021-07-19T09:17:31,200.0,5.9,B
2021-07-19T09:17:30,2000.0,5.9,B
2021-07-19T09:17:30,100.0,5.9,B
2021-07-19T09:17:22,50600.0,5.9,S
2021-07-19T09:17:22,50000.0,5.91,S
2021-07-19T09:17:07,2900.0,5.91,S
2021-07-19T09:16:59,3000.0,5.91,S
2021-07-19T09:16:56,100.0,5.91,S
2021-07-19T09:16:56,500.0,5.91,S
2021-07-19T09:16:51,500.0,5.95,B
2021-07-19T09:16:24,2000.0,5.9,S
2021-07-19T09:16:23,1000.0,5.9,S
2021-07-19T09:16:20,100.0,5.91,S
2021-07-19T09:16:10,10000.0,5.9,S
2021-07-19T09:16:02,100.0,5.9,S
2021-07-19T09:16:01,2100.0,5.9,S
2021-07-19T09:15:52,300.0,5.9,S
2021-07-19T09:15:36,800.0,5.9,S
2021-07-19T09:15:36,1200.0,5.9,S
2021-07-19T09:15:33,800.0,5.9,S
2021-07-19T09:15:33,2300.0,5.9,S
2021-07-19T09:15:33,100.0,5.97,S
2021-07-19T09:15:29,200.0,6.0,B
2021-07-19T09:15:28,100.0,6.0,B
