tradingTime,volume,price,side
2021-07-19T14:29:49,200.0,27.05,S
2021-07-19T14:29:49,10000.0,27.05,S
2021-07-19T14:29:49,200.0,27.1,B
2021-07-19T14:29:47,2000.0,27.05,S
2021-07-19T14:29:47,3500.0,27.1,B
2021-07-19T14:29:46,100.0,27.1,B
2021-07-19T14:29:45,1000.0,27.05,S
2021-07-19T14:29:44,700.0,27.05,S
2021-07-19T14:29:42,300.0,27.05,S
2021-07-19T14:29:42,500.0,27.1,B
2021-07-19T14:29:41,500.0,27.1,B
2021-07-19T14:29:39,2000.0,27.1,B
2021-07-19T14:29:39,200.0,27.1,B
2021-07-19T14:29:38,700.0,27.1,B
2021-07-19T14:29:38,700.0,27.1,B
2021-07-19T14:29:33,5000.0,27.1,B
2021-07-19T14:29:33,8000.0,27.05,S
2021-07-19T14:29:31,1000.0,27.1,B
2021-07-19T14:29:30,2000.0,27.05,S
2021-07-19T14:29:29,200.0,27.1,B
2021-07-19T14:29:29,1000.0,27.1,B
2021-07-19T14:29:25,200.0,27.1,B
2021-07-19T14:29:25,5000.0,27.05,S
2021-07-19T14:29:24,1000.0,27.1,B
2021-07-19T14:29:24,20000.0,27.05,S
2021-07-19T14:29:23,1900.0,27.05,S
2021-07-19T14:29:23,3000.0,27.05,S
2021-07-19T14:29:22,3000.0,27.05,S
2021-07-19T14:29:19,500.0,27.05,S
2021-07-19T14:29:18,5000.0,27.05,S
2021-07-19T14:29:18,10000.0,27.1,B
2021-07-19T14:29:16,6400.0,27.05,S
2021-07-19T14:29:16,9200.0,27.05,S
2021-07-19T14:29:13,100.0,27.1,B
2021-07-19T14:29:10,1000.0,27.1,B
2021-07-19T14:29:08,5000.0,27.1,B
2021-07-19T14:29:06,100.0,27.1,B
2021-07-19T14:29:03,500.0,27.05,S
2021-07-19T14:29:02,3000.0,27.05,S
2021-07-19T14:29:02,1000.0,27.1,B
2021-07-19T14:29:01,8900.0,27.05,S
2021-07-19T14:29:00,100.0,27.1,B
2021-07-19T14:28:58,500.0,27.1,B
2021-07-19T14:28:57,2000.0,27.1,B
2021-07-19T14:28:57,5000.0,27.1,B
2021-07-19T14:28:57,300.0,27.1,B
2021-07-19T14:28:56,1500.0,27.05,S
2021-07-19T14:28:56,5000.0,27.1,B
2021-07-19T14:28:55,300.0,27.1,B
2021-07-19T14:28:54,2500.0,27.1,B
2021-07-19T14:28:54,500.0,27.1,B
2021-07-19T14:28:52,3000.0,27.1,B
2021-07-19T14:28:52,1100.0,27.1,B
2021-07-19T14:28:50,1000.0,27.1,B
2021-07-19T14:28:50,300.0,27.1,B
2021-07-19T14:28:50,100.0,27.1,B
2021-07-19T14:28:49,200.0,27.05,S
2021-07-19T14:28:47,1000.0,27.1,S
2021-07-19T14:28:46,3000.0,27.1,S
2021-07-19T14:28:46,1000.0,27.1,B
2021-07-19T14:28:43,4700.0,27.05,S
2021-07-19T14:28:43,2100.0,27.1,S
2021-07-19T14:28:43,200.0,27.1,S
2021-07-19T14:28:43,17500.0,27.1,S
2021-07-19T14:28:42,10000.0,27.1,S
2021-07-19T14:28:41,200.0,27.1,S
2021-07-19T14:28:37,300.0,27.1,S
2021-07-19T14:28:36,4300.0,27.1,S
2021-07-19T14:28:36,200.0,27.1,S
2021-07-19T14:28:36,700.0,27.15,B
2021-07-19T14:28:34,200.0,27.1,S
2021-07-19T14:28:31,400.0,27.1,S
2021-07-19T14:28:31,600.0,27.1,S
2021-07-19T14:28:30,1000.0,27.1,S
2021-07-19T14:28:29,100.0,27.1,S
2021-07-19T14:28:26,3000.0,27.1,S
2021-07-19T14:28:26,15600.0,27.1,S
2021-07-19T14:28:26,4000.0,27.1,B
2021-07-19T14:28:25,5000.0,27.05,S
2021-07-19T14:28:21,17400.0,27.05,S
2021-07-19T14:28:21,1000.0,27.1,B
2021-07-19T14:28:20,400.0,27.1,B
2021-07-19T14:28:17,200.0,27.1,B
2021-07-19T14:28:16,2000.0,27.1,S
2021-07-19T14:28:12,2800.0,27.05,S
2021-07-19T14:28:12,7200.0,27.05,S
2021-07-19T14:28:10,10000.0,27.05,S
2021-07-19T14:28:10,100.0,27.1,B
2021-07-19T14:28:10,22000.0,27.1,B
2021-07-19T14:28:10,2000.0,27.1,B
2021-07-19T14:28:10,1200.0,27.1,B
2021-07-19T14:28:10,17400.0,27.1,B
2021-07-19T14:28:09,100.0,27.05,S
2021-07-19T14:28:07,100.0,27.1,B
2021-07-19T14:28:07,300.0,27.05,S
2021-07-19T14:28:06,400.0,27.1,B
2021-07-19T14:28:04,1000.0,27.1,B
2021-07-19T14:28:02,24800.0,27.1,B
2021-07-19T14:28:02,100.0,27.1,B
2021-07-19T14:28:02,10800.0,27.1,B
2021-07-19T14:28:02,1400.0,27.1,B
2021-07-19T14:28:02,500.0,27.1,B
2021-07-19T14:28:02,12400.0,27.1,B
2021-07-19T14:28:01,100.0,27.1,B
2021-07-19T14:27:59,1000.0,27.05,S
2021-07-19T14:27:59,100.0,27.1,B
2021-07-19T14:27:55,1000.0,27.1,B
2021-07-19T14:27:52,1000.0,27.1,B
2021-07-19T14:27:52,50000.0,27.05,S
2021-07-19T14:27:51,6700.0,27.1,B
2021-07-19T14:27:51,3300.0,27.1,B
2021-07-19T14:27:47,500.0,27.05,S
2021-07-19T14:27:47,100.0,27.1,B
2021-07-19T14:27:39,200.0,27.1,B
2021-07-19T14:27:36,2000.0,27.05,S
2021-07-19T14:27:36,300.0,27.1,B
2021-07-19T14:27:33,2100.0,27.1,B
2021-07-19T14:27:32,5000.0,27.05,S
2021-07-19T14:27:29,1000.0,27.1,B
2021-07-19T14:27:28,100.0,27.1,B
2021-07-19T14:27:26,2000.0,27.05,S
2021-07-19T14:27:25,2000.0,27.1,B
2021-07-19T14:27:25,10000.0,27.05,S
2021-07-19T14:27:24,1000.0,27.05,S
2021-07-19T14:27:22,1000.0,27.05,S
2021-07-19T14:27:21,2000.0,27.05,S
2021-07-19T14:27:15,2000.0,27.05,S
2021-07-19T14:27:13,1000.0,27.05,S
2021-07-19T14:27:12,20000.0,27.05,S
2021-07-19T14:27:10,1000.0,27.05,S
2021-07-19T14:27:10,1500.0,27.05,S
2021-07-19T14:27:07,400.0,27.05,S
2021-07-19T14:27:02,400.0,27.0,S
2021-07-19T14:27:02,100.0,27.0,S
2021-07-19T14:27:02,100.0,27.0,S
2021-07-19T14:27:02,18700.0,27.0,S
2021-07-19T14:27:02,1600.0,27.0,S
2021-07-19T14:27:02,500.0,27.0,S
2021-07-19T14:27:02,78600.0,27.0,S
2021-07-19T14:27:01,5000.0,27.05,S
2021-07-19T14:26:58,3200.0,27.05,S
2021-07-19T14:26:57,3400.0,27.05,S
2021-07-19T14:26:55,2000.0,27.05,S
2021-07-19T14:26:52,2000.0,27.05,B
2021-07-19T14:26:48,100.0,27.05,B
2021-07-19T14:26:47,5000.0,27.0,S
2021-07-19T14:26:46,25000.0,27.1,B
2021-07-19T14:26:45,200.0,27.05,B
2021-07-19T14:26:45,1000.0,27.0,S
2021-07-19T14:26:43,200.0,27.05,B
2021-07-19T14:26:42,5000.0,27.0,S
2021-07-19T14:26:42,300.0,27.0,S
2021-07-19T14:26:41,300.0,27.05,B
2021-07-19T14:26:39,600.0,27.05,B
2021-07-19T14:26:39,30000.0,27.0,S
2021-07-19T14:26:39,200.0,27.0,S
2021-07-19T14:26:37,300.0,27.05,B
2021-07-19T14:26:37,1000.0,27.05,B
2021-07-19T14:26:32,300.0,27.0,S
2021-07-19T14:26:32,100.0,27.05,B
2021-07-19T14:26:31,100.0,27.05,B
2021-07-19T14:26:29,600.0,27.05,B
2021-07-19T14:26:29,47200.0,27.05,B
2021-07-19T14:26:29,500.0,27.05,B
2021-07-19T14:26:29,2300.0,27.05,B
2021-07-19T14:26:29,1000.0,27.05,B
2021-07-19T14:26:28,500.0,27.05,B
2021-07-19T14:26:26,700.0,27.0,S
2021-07-19T14:26:24,200.0,27.05,B
2021-07-19T14:26:22,10000.0,27.05,B
2021-07-19T14:26:20,500.0,27.05,B
2021-07-19T14:26:19,10000.0,27.05,B
2021-07-19T14:26:19,500.0,27.05,B
2021-07-19T14:26:18,200.0,27.05,B
2021-07-19T14:26:16,5000.0,27.0,S
2021-07-19T14:26:12,1000.0,27.05,B
2021-07-19T14:26:10,10000.0,27.05,B
2021-07-19T14:26:10,800.0,27.05,B
2021-07-19T14:26:08,1000.0,27.05,B
2021-07-19T14:26:06,100.0,27.05,S
2021-07-19T14:26:06,700.0,27.05,S
2021-07-19T14:26:06,6200.0,27.05,S
2021-07-19T14:26:06,3900.0,27.05,S
2021-07-19T14:26:06,3000.0,27.1,B
2021-07-19T14:26:05,2000.0,27.05,S
2021-07-19T14:26:04,500.0,27.05,S
2021-07-19T14:26:04,4800.0,27.05,S
2021-07-19T14:25:58,3800.0,27.05,S
2021-07-19T14:25:55,100.0,27.05,S
2021-07-19T14:25:55,500.0,27.1,B
2021-07-19T14:25:50,50000.0,27.05,S
2021-07-19T14:25:47,300.0,27.1,B
2021-07-19T14:25:45,1000.0,27.05,S
2021-07-19T14:25:45,500.0,27.05,S
2021-07-19T14:25:41,300.0,27.05,S
2021-07-19T14:25:41,200.0,27.05,S
2021-07-19T14:25:40,100.0,27.1,B
2021-07-19T14:25:37,5500.0,27.05,S
2021-07-19T14:25:36,100.0,27.1,B
2021-07-19T14:25:34,200.0,27.05,S
2021-07-19T14:25:33,500.0,27.1,B
2021-07-19T14:25:29,10300.0,27.05,S
2021-07-19T14:25:29,800.0,27.05,S
2021-07-19T14:25:29,5900.0,27.05,S
2021-07-19T14:25:28,13000.0,27.1,S
2021-07-19T14:25:27,1500.0,27.1,S
2021-07-19T14:25:25,1600.0,27.1,B
2021-07-19T14:25:25,5700.0,27.1,B
2021-07-19T14:25:25,9000.0,27.1,B
2021-07-19T14:25:25,5000.0,27.1,B
2021-07-19T14:25:25,1100.0,27.1,B
2021-07-19T14:25:25,1500.0,27.1,B
2021-07-19T14:25:25,17800.0,27.1,B
2021-07-19T14:25:25,44000.0,27.1,B
2021-07-19T14:25:17,15100.0,27.05,S
2021-07-19T14:25:17,1000.0,27.05,S
2021-07-19T14:25:17,33900.0,27.05,S
2021-07-19T14:25:16,500.0,27.05,S
2021-07-19T14:25:16,100.0,27.05,S
2021-07-19T14:25:15,1000.0,27.05,S
2021-07-19T14:25:12,300.0,27.05,S
2021-07-19T14:25:12,1000.0,27.05,S
2021-07-19T14:25:10,1000.0,27.05,S
2021-07-19T14:25:10,3500.0,27.05,S
2021-07-19T14:25:07,5000.0,27.05,S
2021-07-19T14:25:06,10000.0,27.05,S
2021-07-19T14:25:02,300.0,27.05,S
2021-07-19T14:25:02,500.0,27.05,S
2021-07-19T14:25:01,200.0,27.05,S
2021-07-19T14:25:01,100.0,27.05,S
2021-07-19T14:25:00,3700.0,27.05,S
2021-07-19T14:24:58,300.0,27.05,S
2021-07-19T14:24:55,600.0,27.1,B
2021-07-19T14:24:54,300.0,27.05,S
2021-07-19T14:24:54,1000.0,27.05,S
2021-07-19T14:24:50,100.0,27.05,S
2021-07-19T14:24:47,10000.0,27.1,B
2021-07-19T14:24:47,1000.0,27.1,B
2021-07-19T14:24:46,5000.0,27.05,S
2021-07-19T14:24:44,100.0,27.05,S
2021-07-19T14:24:42,15300.0,27.05,S
2021-07-19T14:24:40,2500.0,27.1,B
2021-07-19T14:24:34,10000.0,27.05,S
2021-07-19T14:24:32,800.0,27.05,S
2021-07-19T14:24:28,1000.0,27.05,S
2021-07-19T14:24:28,10000.0,27.05,S
2021-07-19T14:24:27,15000.0,27.05,S
2021-07-19T14:24:24,1000.0,27.05,S
2021-07-19T14:24:23,3000.0,27.05,S
2021-07-19T14:24:20,300.0,27.05,S
2021-07-19T14:24:20,300.0,27.05,S
2021-07-19T14:24:19,7000.0,27.05,S
2021-07-19T14:24:18,500.0,27.05,S
2021-07-19T14:24:17,1300.0,27.05,S
2021-07-19T14:24:17,7200.0,27.05,B
2021-07-19T14:24:17,1000.0,27.05,B
2021-07-19T14:24:17,24900.0,27.0,S
2021-07-19T14:24:16,2000.0,27.0,S
2021-07-19T14:24:12,1600.0,27.0,S
2021-07-19T14:24:07,900.0,27.0,S
2021-07-19T14:24:06,5000.0,27.0,S
2021-07-19T14:24:03,200.0,27.05,B
2021-07-19T14:24:03,18200.0,27.0,S
2021-07-19T14:24:03,2200.0,27.0,S
2021-07-19T14:24:03,1600.0,27.0,S
2021-07-19T14:24:03,2200.0,27.0,S
2021-07-19T14:24:03,100.0,27.0,S
2021-07-19T14:24:03,200.0,27.0,S
2021-07-19T14:24:03,1000.0,27.0,S
2021-07-19T14:24:03,200.0,27.0,S
2021-07-19T14:24:03,8300.0,27.0,S
2021-07-19T14:24:03,5500.0,27.0,S
2021-07-19T14:24:03,5400.0,27.0,S
2021-07-19T14:24:03,3200.0,27.0,S
2021-07-19T14:24:03,10400.0,27.0,S
2021-07-19T14:24:03,700.0,27.0,S
2021-07-19T14:24:03,100.0,27.0,S
2021-07-19T14:24:03,80700.0,27.0,S
2021-07-19T14:24:02,1000.0,27.0,S
2021-07-19T14:23:57,1000.0,27.0,S
2021-07-19T14:23:55,5000.0,27.05,S
2021-07-19T14:23:53,14800.0,27.05,B
2021-07-19T14:23:51,5000.0,27.0,S
2021-07-19T14:23:50,2000.0,27.0,S
2021-07-19T14:23:48,1500.0,27.05,B
2021-07-19T14:23:47,10000.0,27.05,B
2021-07-19T14:23:46,4700.0,27.05,S
2021-07-19T14:23:44,300.0,27.05,B
2021-07-19T14:23:37,5000.0,27.0,S
2021-07-19T14:23:37,2000.0,27.0,S
2021-07-19T14:23:36,1000.0,27.0,S
2021-07-19T14:23:35,1000.0,27.0,S
2021-07-19T14:23:33,1000.0,27.0,S
2021-07-19T14:23:32,1200.0,27.0,S
2021-07-19T14:23:29,10000.0,27.0,S
2021-07-19T14:23:29,1000.0,27.0,S
2021-07-19T14:23:25,1000.0,27.1,B
2021-07-19T14:23:19,8500.0,27.0,S
2021-07-19T14:23:19,1700.0,27.0,S
2021-07-19T14:23:19,20300.0,27.0,S
2021-07-19T14:23:19,103100.0,27.0,S
2021-07-19T14:23:19,100.0,27.0,S
2021-07-19T14:23:19,5600.0,27.0,S
2021-07-19T14:23:19,5000.0,27.0,S
2021-07-19T14:23:19,4200.0,27.0,S
2021-07-19T14:23:19,2400.0,27.0,S
2021-07-19T14:23:19,500.0,27.0,S
2021-07-19T14:23:19,600.0,27.0,S
2021-07-19T14:23:19,28400.0,27.0,S
2021-07-19T14:23:19,1600.0,27.05,S
2021-07-19T14:23:19,25000.0,27.05,S
2021-07-19T14:23:19,1100.0,27.05,S
2021-07-19T14:23:19,1100.0,27.05,S
2021-07-19T14:23:19,200.0,27.05,S
2021-07-19T14:23:19,1000.0,27.05,S
2021-07-19T14:23:19,6000.0,27.05,S
2021-07-19T14:23:19,3800.0,27.05,S
2021-07-19T14:23:19,1000.0,27.05,S
2021-07-19T14:23:17,1000.0,27.05,S
2021-07-19T14:23:14,100.0,27.1,B
2021-07-19T14:23:11,100.0,27.1,B
2021-07-19T14:23:08,100.0,27.1,B
2021-07-19T14:23:05,900.0,27.1,S
2021-07-19T14:23:05,1000.0,27.15,B
2021-07-19T14:23:05,1100.0,27.1,S
2021-07-19T14:23:05,5100.0,27.1,S
2021-07-19T14:23:04,2500.0,27.1,S
2021-07-19T14:23:04,1300.0,27.1,S
2021-07-19T14:23:04,1000.0,27.1,S
2021-07-19T14:23:04,100.0,27.15,B
2021-07-19T14:23:03,4100.0,27.1,S
2021-07-19T14:23:03,6000.0,27.1,S
2021-07-19T14:23:02,600.0,27.1,S
2021-07-19T14:22:59,1000.0,27.1,S
2021-07-19T14:22:58,1500.0,27.15,B
2021-07-19T14:22:55,3700.0,27.1,S
2021-07-19T14:22:55,26300.0,27.1,S
2021-07-19T14:22:55,200.0,27.1,S
2021-07-19T14:22:54,10000.0,27.1,S
2021-07-19T14:22:51,2900.0,27.1,S
2021-07-19T14:22:50,61700.0,27.1,S
2021-07-19T14:22:50,200.0,27.1,S
2021-07-19T14:22:50,13100.0,27.1,S
2021-07-19T14:22:47,100.0,27.15,B
2021-07-19T14:22:45,300.0,27.15,B
2021-07-19T14:22:42,3200.0,27.1,S
2021-07-19T14:22:42,500.0,27.1,S
2021-07-19T14:22:42,11300.0,27.1,S
2021-07-19T14:22:38,300.0,27.1,S
2021-07-19T14:22:36,5800.0,27.1,S
2021-07-19T14:22:34,3000.0,27.1,S
2021-07-19T14:22:34,1000.0,27.15,B
2021-07-19T14:22:34,900.0,27.1,S
2021-07-19T14:22:30,1900.0,27.15,B
2021-07-19T14:22:28,400.0,27.15,B
2021-07-19T14:22:28,100.0,27.15,B
2021-07-19T14:22:18,80200.0,27.1,S
2021-07-19T14:22:18,500.0,27.1,S
2021-07-19T14:22:18,3300.0,27.1,S
2021-07-19T14:22:18,2100.0,27.1,S
2021-07-19T14:22:18,5200.0,27.1,S
2021-07-19T14:22:18,200.0,27.1,S
2021-07-19T14:22:18,700.0,27.1,S
2021-07-19T14:22:18,1200.0,27.1,S
2021-07-19T14:22:18,200.0,27.1,S
2021-07-19T14:22:18,2000.0,27.1,S
2021-07-19T14:22:18,8000.0,27.1,S
2021-07-19T14:22:18,43700.0,27.15,S
2021-07-19T14:22:18,7700.0,27.15,S
2021-07-19T14:22:17,3100.0,27.15,S
2021-07-19T14:22:17,8900.0,27.15,S
2021-07-19T14:22:15,1900.0,27.15,S
2021-07-19T14:22:09,1000.0,27.2,B
2021-07-19T14:22:07,500.0,27.15,S
2021-07-19T14:22:05,14900.0,27.15,S
2021-07-19T14:22:05,100.0,27.15,S
2021-07-19T14:22:05,900.0,27.15,S
2021-07-19T14:22:05,5000.0,27.15,S
2021-07-19T14:22:05,79100.0,27.15,S
2021-07-19T14:22:05,2000.0,27.15,S
2021-07-19T14:22:00,800.0,27.2,B
2021-07-19T14:21:58,200.0,27.15,S
2021-07-19T14:21:57,4000.0,27.15,S
2021-07-19T14:21:50,4000.0,27.15,S
2021-07-19T14:21:46,200.0,27.2,B
2021-07-19T14:21:46,20000.0,27.15,S
2021-07-19T14:21:45,2500.0,27.2,B
2021-07-19T14:21:42,2000.0,27.15,S
2021-07-19T14:21:38,5000.0,27.2,B
2021-07-19T14:21:35,100.0,27.2,B
2021-07-19T14:21:30,1000.0,27.2,B
2021-07-19T14:21:30,35100.0,27.15,S
2021-07-19T14:21:27,500.0,27.2,B
2021-07-19T14:21:24,900.0,27.15,S
2021-07-19T14:21:19,1000.0,27.15,S
2021-07-19T14:21:18,10000.0,27.15,S
2021-07-19T14:21:15,1500.0,27.15,S
2021-07-19T14:21:14,100.0,27.15,S
2021-07-19T14:21:14,2300.0,27.15,S
2021-07-19T14:21:13,1500.0,27.2,B
2021-07-19T14:21:06,500.0,27.15,S
2021-07-19T14:21:02,3000.0,27.15,S
2021-07-19T14:21:00,3100.0,27.2,B
2021-07-19T14:20:57,100.0,27.2,B
2021-07-19T14:20:55,500.0,27.15,S
2021-07-19T14:20:54,2100.0,27.15,S
2021-07-19T14:20:50,500.0,27.2,B
2021-07-19T14:20:49,600.0,27.2,B
2021-07-19T14:20:49,200.0,27.2,B
2021-07-19T14:20:48,3000.0,27.15,S
2021-07-19T14:20:47,1000.0,27.15,S
2021-07-19T14:20:44,2000.0,27.15,S
2021-07-19T14:20:40,11000.0,27.15,S
2021-07-19T14:20:38,900.0,27.2,B
2021-07-19T14:20:30,1500.0,27.15,S
2021-07-19T14:20:30,200.0,27.15,S
2021-07-19T14:20:30,500.0,27.2,B
2021-07-19T14:20:29,100.0,27.2,B
2021-07-19T14:20:28,100.0,27.2,B
2021-07-19T14:20:25,11300.0,27.2,B
2021-07-19T14:20:25,1600.0,27.2,B
2021-07-19T14:20:25,5000.0,27.2,B
2021-07-19T14:20:25,3200.0,27.2,B
2021-07-19T14:20:25,3900.0,27.2,B
2021-07-19T14:20:25,200.0,27.2,B
2021-07-19T14:20:24,8500.0,27.2,B
2021-07-19T14:20:23,200.0,27.2,B
2021-07-19T14:20:20,5000.0,27.2,B
2021-07-19T14:20:16,300.0,27.2,B
2021-07-19T14:20:09,10000.0,27.15,S
2021-07-19T14:20:06,5000.0,27.2,B
2021-07-19T14:20:06,2000.0,27.2,B
2021-07-19T14:20:01,500.0,27.2,B
2021-07-19T14:20:00,600.0,27.2,B
2021-07-19T14:19:57,1000.0,27.2,B
2021-07-19T14:19:54,100.0,27.2,B
2021-07-19T14:19:52,1000.0,27.15,S
2021-07-19T14:19:52,100.0,27.2,B
2021-07-19T14:19:50,100.0,27.2,B
2021-07-19T14:19:47,400.0,27.2,B
2021-07-19T14:19:47,100.0,27.2,B
2021-07-19T14:19:45,500.0,27.2,B
2021-07-19T14:19:44,10000.0,27.15,S
2021-07-19T14:19:40,5000.0,27.2,B
2021-07-19T14:19:37,100.0,27.2,B
2021-07-19T14:19:34,500.0,27.15,S
2021-07-19T14:19:34,100.0,27.2,B
2021-07-19T14:19:33,700.0,27.2,B
2021-07-19T14:19:21,100.0,27.2,B
2021-07-19T14:19:21,6400.0,27.2,S
2021-07-19T14:19:16,3000.0,27.2,S
2021-07-19T14:19:15,20000.0,27.2,S
2021-07-19T14:19:15,3500.0,27.2,S
2021-07-19T14:19:12,100.0,27.2,S
2021-07-19T14:19:11,1600.0,27.2,S
2021-07-19T14:19:09,100.0,27.2,S
2021-07-19T14:19:06,2000.0,27.2,S
2021-07-19T14:19:05,200.0,27.2,S
2021-07-19T14:19:04,5000.0,27.2,S
2021-07-19T14:19:03,100.0,27.2,S
2021-07-19T14:19:01,400.0,27.2,S
2021-07-19T14:19:00,1500.0,27.2,S
2021-07-19T14:18:59,500.0,27.25,B
2021-07-19T14:18:59,200.0,27.2,S
2021-07-19T14:18:58,2700.0,27.2,S
2021-07-19T14:18:58,100.0,27.2,S
2021-07-19T14:18:54,200.0,27.2,S
2021-07-19T14:18:54,900.0,27.2,S
2021-07-19T14:18:47,7900.0,27.2,S
2021-07-19T14:18:47,1000.0,27.2,S
2021-07-19T14:18:47,6000.0,27.2,S
2021-07-19T14:18:47,200.0,27.2,S
2021-07-19T14:18:47,270900.0,27.2,S
2021-07-19T14:18:46,100.0,27.25,B
2021-07-19T14:18:45,20800.0,27.25,B
2021-07-19T14:18:45,700.0,27.25,B
2021-07-19T14:18:45,3000.0,27.25,B
2021-07-19T14:18:45,500.0,27.25,B
2021-07-19T14:18:44,2000.0,27.2,S
2021-07-19T14:18:43,7900.0,27.2,S
2021-07-19T14:18:41,3000.0,27.2,S
2021-07-19T14:18:38,100.0,27.2,S
2021-07-19T14:18:34,100.0,27.25,B
2021-07-19T14:18:28,1000.0,27.25,B
2021-07-19T14:18:24,100.0,27.25,B
2021-07-19T14:18:24,2000.0,27.2,S
2021-07-19T14:18:19,500.0,27.2,S
2021-07-19T14:18:18,1000.0,27.2,S
2021-07-19T14:18:17,100.0,27.25,B
2021-07-19T14:18:17,600.0,27.2,S
2021-07-19T14:18:17,10000.0,27.2,S
2021-07-19T14:18:16,4000.0,27.2,S
2021-07-19T14:18:14,200.0,27.2,S
2021-07-19T14:18:14,100.0,27.2,S
2021-07-19T14:18:09,500.0,27.2,S
2021-07-19T14:18:07,3300.0,27.2,S
2021-07-19T14:18:07,5000.0,27.2,S
2021-07-19T14:18:06,2000.0,27.2,S
2021-07-19T14:18:04,170500.0,27.2,B
2021-07-19T14:18:03,900.0,27.2,B
2021-07-19T14:17:54,1000.0,27.2,B
2021-07-19T14:17:51,100.0,27.2,B
2021-07-19T14:17:47,5000.0,27.2,B
2021-07-19T14:17:44,24000.0,27.2,B
2021-07-19T14:17:38,5000.0,27.2,S
2021-07-19T14:17:34,100.0,27.2,S
2021-07-19T14:17:34,400.0,27.2,S
2021-07-19T14:17:33,400.0,27.2,S
2021-07-19T14:17:30,24100.0,27.2,S
2021-07-19T14:17:30,1200.0,27.2,S
2021-07-19T14:17:30,1100.0,27.2,S
2021-07-19T14:17:30,50100.0,27.2,S
2021-07-19T14:17:30,100200.0,27.2,S
2021-07-19T14:17:30,15600.0,27.2,S
2021-07-19T14:17:30,101100.0,27.2,S
2021-07-19T14:17:30,1500.0,27.2,S
2021-07-19T14:17:30,200.0,27.2,S
2021-07-19T14:17:30,2200.0,27.2,S
2021-07-19T14:17:30,1500.0,27.2,S
2021-07-19T14:17:30,1200.0,27.2,S
2021-07-19T14:17:28,200.0,27.2,S
2021-07-19T14:17:28,700.0,27.2,S
2021-07-19T14:17:24,500.0,27.2,S
2021-07-19T14:17:24,100.0,27.2,S
2021-07-19T14:17:23,2000.0,27.2,S
2021-07-19T14:17:21,200.0,27.25,B
2021-07-19T14:17:21,600.0,27.2,S
2021-07-19T14:17:20,100.0,27.2,S
2021-07-19T14:17:17,1000.0,27.2,S
2021-07-19T14:17:17,10000.0,27.2,S
2021-07-19T14:17:14,2000.0,27.2,S
2021-07-19T14:17:14,1000.0,27.2,S
2021-07-19T14:17:12,5000.0,27.2,S
2021-07-19T14:17:09,100.0,27.2,S
2021-07-19T14:17:09,3000.0,27.2,S
2021-07-19T14:17:06,1000.0,27.2,S
2021-07-19T14:17:06,5000.0,27.2,S
2021-07-19T14:17:04,5000.0,27.2,S
2021-07-19T14:17:01,500.0,27.2,S
2021-07-19T14:16:57,100.0,27.2,S
2021-07-19T14:16:56,1700.0,27.2,S
2021-07-19T14:16:56,100.0,27.2,S
2021-07-19T14:16:56,2100.0,27.2,S
2021-07-19T14:16:56,16100.0,27.2,S
2021-07-19T14:16:53,200.0,27.2,S
2021-07-19T14:16:47,2900.0,27.2,S
2021-07-19T14:16:45,1800.0,27.2,S
2021-07-19T14:16:39,24500.0,27.2,S
2021-07-19T14:16:35,4000.0,27.2,S
2021-07-19T14:16:34,4400.0,27.2,S
2021-07-19T14:16:31,1000.0,27.2,S
2021-07-19T14:16:29,3000.0,27.2,S
2021-07-19T14:16:26,2000.0,27.2,S
2021-07-19T14:16:25,5000.0,27.25,B
2021-07-19T14:16:23,2000.0,27.25,B
2021-07-19T14:16:19,10000.0,27.2,S
2021-07-19T14:16:16,23000.0,27.2,S
2021-07-19T14:16:11,12100.0,27.2,S
2021-07-19T14:16:11,500.0,27.2,S
2021-07-19T14:16:03,200.0,27.25,B
2021-07-19T14:16:00,300.0,27.25,B
2021-07-19T14:15:57,300.0,27.2,S
2021-07-19T14:15:49,500.0,27.25,B
2021-07-19T14:15:48,1500.0,27.25,B
2021-07-19T14:15:45,3000.0,27.25,B
2021-07-19T14:15:43,9200.0,27.2,S
2021-07-19T14:15:43,200.0,27.2,S
2021-07-19T14:15:43,10600.0,27.2,S
2021-07-19T14:15:29,25100.0,27.25,S
2021-07-19T14:15:29,10000.0,27.25,S
2021-07-19T14:15:29,1300.0,27.25,S
2021-07-19T14:15:29,3800.0,27.25,S
2021-07-19T14:15:29,3100.0,27.25,S
2021-07-19T14:15:29,1200.0,27.25,S
2021-07-19T14:15:29,3200.0,27.25,S
2021-07-19T14:15:29,700.0,27.25,S
2021-07-19T14:15:29,206600.0,27.25,S
2021-07-19T14:15:22,500.0,27.25,S
2021-07-19T14:15:21,200.0,27.3,B
2021-07-19T14:15:19,25000.0,27.3,B
2021-07-19T14:15:08,3000.0,27.3,B
2021-07-19T14:15:04,5000.0,27.3,B
2021-07-19T14:15:03,100.0,27.3,B
2021-07-19T14:14:54,5000.0,27.3,B
2021-07-19T14:14:51,300.0,27.3,B
2021-07-19T14:14:51,100.0,27.3,B
2021-07-19T14:14:48,1000.0,27.3,B
2021-07-19T14:14:41,100.0,27.3,B
2021-07-19T14:14:36,200.0,27.3,S
2021-07-19T14:14:36,26000.0,27.3,S
2021-07-19T14:14:35,3000.0,27.3,S
2021-07-19T14:14:35,16000.0,27.3,S
2021-07-19T14:14:33,400.0,27.3,S
2021-07-19T14:14:32,200.0,27.3,S
2021-07-19T14:14:32,49800.0,27.3,S
2021-07-19T14:14:29,1200.0,27.3,S
2021-07-19T14:14:29,8800.0,27.3,S
2021-07-19T14:14:29,4900.0,27.3,S
2021-07-19T14:14:29,3600.0,27.3,S
2021-07-19T14:14:29,5400.0,27.3,S
2021-07-19T14:14:29,2800.0,27.3,S
2021-07-19T14:14:29,300.0,27.3,S
2021-07-19T14:14:28,200.0,27.3,S
2021-07-19T14:14:28,100.0,27.35,B
2021-07-19T14:14:27,1000.0,27.3,S
2021-07-19T14:14:27,300.0,27.3,S
2021-07-19T14:14:27,1200.0,27.3,S
2021-07-19T14:14:27,28500.0,27.3,S
2021-07-19T14:14:26,1000.0,27.3,S
2021-07-19T14:14:24,300.0,27.3,S
2021-07-19T14:14:23,10000.0,27.3,S
2021-07-19T14:14:20,2000.0,27.3,S
2021-07-19T14:14:20,500.0,27.3,S
2021-07-19T14:14:20,1200.0,27.3,S
2021-07-19T14:14:13,100.0,27.35,B
2021-07-19T14:14:11,10000.0,27.3,S
2021-07-19T14:14:10,100.0,27.35,B
2021-07-19T14:14:09,500.0,27.3,S
2021-07-19T14:14:07,700.0,27.3,S
2021-07-19T14:14:02,900.0,27.3,S
2021-07-19T14:14:02,6000.0,27.3,S
2021-07-19T14:14:00,6000.0,27.3,S
2021-07-19T14:13:56,100.0,27.3,S
2021-07-19T14:13:55,13400.0,27.3,S
2021-07-19T14:13:51,10000.0,27.3,S
2021-07-19T14:13:51,2400.0,27.3,S
2021-07-19T14:13:48,400.0,27.3,S
2021-07-19T14:13:45,1400.0,27.3,S
2021-07-19T14:13:44,50000.0,27.35,B
2021-07-19T14:13:43,600.0,27.3,S
2021-07-19T14:13:38,5000.0,27.3,S
2021-07-19T14:13:37,2000.0,27.3,S
2021-07-19T14:13:37,500.0,27.3,S
2021-07-19T14:13:35,200.0,27.3,S
2021-07-19T14:13:24,100.0,27.3,S
2021-07-19T14:13:22,2000.0,27.3,S
2021-07-19T14:13:22,2500.0,27.3,S
2021-07-19T14:13:22,600.0,27.3,S
2021-07-19T14:13:22,400.0,27.3,S
2021-07-19T14:13:22,400.0,27.3,S
2021-07-19T14:13:22,1500.0,27.3,S
2021-07-19T14:13:22,7600.0,27.3,S
2021-07-19T14:13:14,1300.0,27.3,S
2021-07-19T14:13:13,1000.0,27.3,S
2021-07-19T14:13:12,1000.0,27.3,S
2021-07-19T14:13:05,100.0,27.35,S
2021-07-19T14:13:05,36000.0,27.35,S
2021-07-19T14:13:05,400.0,27.35,S
2021-07-19T14:13:05,1500.0,27.35,S
2021-07-19T14:13:05,4300.0,27.35,S
2021-07-19T14:13:04,100.0,27.35,S
2021-07-19T14:13:04,2900.0,27.35,S
2021-07-19T14:13:01,500.0,27.35,S
2021-07-19T14:13:00,7000.0,27.35,S
2021-07-19T14:12:59,500.0,27.35,S
2021-07-19T14:12:59,2000.0,27.35,S
2021-07-19T14:12:59,5000.0,27.35,S
2021-07-19T14:12:58,200.0,27.35,S
2021-07-19T14:12:56,100.0,27.35,S
2021-07-19T14:12:54,7700.0,27.35,S
2021-07-19T14:12:54,1500.0,27.35,S
2021-07-19T14:12:54,800.0,27.35,S
2021-07-19T14:12:53,10000.0,27.35,S
2021-07-19T14:12:52,20000.0,27.35,S
2021-07-19T14:12:50,200.0,27.35,S
2021-07-19T14:12:43,94000.0,27.35,S
2021-07-19T14:12:43,300.0,27.35,S
2021-07-19T14:12:41,1000.0,27.4,B
2021-07-19T14:12:38,200.0,27.35,S
2021-07-19T14:12:38,800.0,27.35,S
2021-07-19T14:12:37,2000.0,27.35,S
2021-07-19T14:12:36,4000.0,27.35,S
2021-07-19T14:12:30,100.0,27.35,S
2021-07-19T14:12:30,9000.0,27.4,B
2021-07-19T14:12:28,20000.0,27.4,B
2021-07-19T14:12:27,600.0,27.35,S
2021-07-19T14:12:26,10000.0,27.4,B
2021-07-19T14:12:25,1000.0,27.35,S
2021-07-19T14:12:18,2000.0,27.35,S
2021-07-19T14:12:14,1000.0,27.35,S
2021-07-19T14:12:14,2000.0,27.35,S
2021-07-19T14:12:12,1000.0,27.35,S
2021-07-19T14:12:05,300.0,27.35,S
2021-07-19T14:11:56,4000.0,27.35,S
2021-07-19T14:11:55,1000.0,27.35,S
2021-07-19T14:11:54,200.0,27.35,S
2021-07-19T14:11:51,500.0,27.35,S
2021-07-19T14:11:50,2000.0,27.35,S
2021-07-19T14:11:47,500.0,27.35,S
2021-07-19T14:11:47,100.0,27.35,S
2021-07-19T14:11:36,500.0,27.35,S
2021-07-19T14:11:34,100.0,27.4,B
2021-07-19T14:11:32,3900.0,27.4,B
2021-07-19T14:11:32,1100.0,27.4,B
2021-07-19T14:11:32,14700.0,27.4,B
2021-07-19T14:11:32,1100.0,27.4,B
2021-07-19T14:11:32,9200.0,27.4,B
2021-07-19T14:11:15,100.0,27.4,B
2021-07-19T14:11:14,1000.0,27.4,B
2021-07-19T14:11:13,500.0,27.35,S
2021-07-19T14:11:09,14900.0,27.4,B
2021-07-19T14:11:09,200.0,27.4,B
2021-07-19T14:11:09,1000.0,27.4,B
2021-07-19T14:11:09,900.0,27.4,B
2021-07-19T14:11:09,8000.0,27.4,B
2021-07-19T14:11:06,1000.0,27.35,S
2021-07-19T14:11:03,8000.0,27.35,S
2021-07-19T14:10:57,50000.0,27.35,S
2021-07-19T14:10:54,5000.0,27.35,S
2021-07-19T14:10:51,4000.0,27.35,S
2021-07-19T14:10:48,4000.0,27.35,S
2021-07-19T14:10:48,10000.0,27.4,B
2021-07-19T14:10:47,500.0,27.35,S
2021-07-19T14:10:45,20000.0,27.35,S
2021-07-19T14:10:43,2000.0,27.35,S
2021-07-19T14:10:40,1000.0,27.35,S
2021-07-19T14:10:39,200.0,27.35,S
2021-07-19T14:10:36,100.0,27.35,S
2021-07-19T14:10:25,15000.0,27.35,S
2021-07-19T14:10:24,200.0,27.35,S
2021-07-19T14:10:24,2000.0,27.35,S
2021-07-19T14:10:23,1100.0,27.35,S
2021-07-19T14:10:23,1000.0,27.35,S
2021-07-19T14:10:22,30000.0,27.35,S
2021-07-19T14:10:22,100000.0,27.4,B
2021-07-19T14:10:13,5800.0,27.35,B
2021-07-19T14:10:12,25000.0,27.35,B
2021-07-19T14:10:10,400.0,27.3,S
2021-07-19T14:10:09,2000.0,27.35,B
2021-07-19T14:10:04,17200.0,27.35,S
2021-07-19T14:09:59,1800.0,27.35,S
2021-07-19T14:09:57,5000.0,27.35,S
2021-07-19T14:09:55,1300.0,27.35,S
2021-07-19T14:09:52,3900.0,27.35,B
2021-07-19T14:09:48,2000.0,27.35,B
2021-07-19T14:09:48,7600.0,27.35,B
2021-07-19T14:09:47,17400.0,27.35,B
2021-07-19T14:09:39,100.0,27.35,B
2021-07-19T14:09:36,4900.0,27.3,S
2021-07-19T14:09:36,100.0,27.3,S
2021-07-19T14:09:33,900.0,27.35,B
2021-07-19T14:09:24,1100.0,27.35,B
2021-07-19T14:09:21,3200.0,27.35,S
2021-07-19T14:09:19,1500.0,27.35,S
2021-07-19T14:09:15,3000.0,27.35,S
2021-07-19T14:09:14,100.0,27.35,S
2021-07-19T14:09:13,2000.0,27.35,S
2021-07-19T14:09:13,500.0,27.4,B
2021-07-19T14:09:12,300.0,27.35,S
2021-07-19T14:09:11,10000.0,27.35,S
2021-07-19T14:09:09,3500.0,27.35,S
2021-07-19T14:09:09,100.0,27.35,S
2021-07-19T14:09:09,400.0,27.35,S
2021-07-19T14:09:06,5000.0,27.35,S
2021-07-19T14:09:06,200.0,27.4,B
2021-07-19T14:09:05,1000.0,27.35,S
2021-07-19T14:09:01,2000.0,27.35,S
2021-07-19T14:09:00,16000.0,27.35,S
2021-07-19T14:08:58,10000.0,27.35,S
2021-07-19T14:08:58,10000.0,27.35,S
2021-07-19T14:08:54,3000.0,27.35,S
2021-07-19T14:08:51,1000.0,27.35,S
2021-07-19T14:08:41,2000.0,27.35,S
2021-07-19T14:08:39,1100.0,27.35,S
2021-07-19T14:08:24,5000.0,27.35,S
2021-07-19T14:08:22,1000.0,27.35,S
2021-07-19T14:08:18,21700.0,27.4,B
2021-07-19T14:08:17,5400.0,27.35,S
2021-07-19T14:08:17,100.0,27.35,S
2021-07-19T14:08:17,1600.0,27.35,S
2021-07-19T14:08:17,200.0,27.35,S
2021-07-19T14:08:17,3300.0,27.35,S
2021-07-19T14:08:17,4400.0,27.35,S
2021-07-19T14:08:17,1200.0,27.35,S
2021-07-19T14:08:17,33800.0,27.35,S
2021-07-19T14:08:16,4000.0,27.35,S
2021-07-19T14:08:02,200.0,27.35,S
2021-07-19T14:07:57,100.0,27.35,S
2021-07-19T14:07:55,5000.0,27.35,S
2021-07-19T14:07:44,100.0,27.35,S
2021-07-19T14:07:43,6500.0,27.35,S
2021-07-19T14:07:40,10000.0,27.35,S
2021-07-19T14:07:37,200.0,27.35,S
2021-07-19T14:07:29,600.0,27.35,S
2021-07-19T14:07:24,4000.0,27.35,S
2021-07-19T14:07:24,100.0,27.4,B
2021-07-19T14:07:23,1000.0,27.4,B
2021-07-19T14:07:21,3000.0,27.35,S
2021-07-19T14:07:18,500.0,27.35,S
2021-07-19T14:07:15,400.0,27.35,S
2021-07-19T14:07:14,1000.0,27.35,S
2021-07-19T14:07:07,1000.0,27.35,S
2021-07-19T14:07:04,4000.0,27.35,S
2021-07-19T14:06:59,1000.0,27.4,B
2021-07-19T14:06:57,5300.0,27.35,S
2021-07-19T14:06:35,100.0,27.35,S
2021-07-19T14:06:34,500.0,27.35,S
2021-07-19T14:06:28,25000.0,27.4,B
2021-07-19T14:06:25,1800.0,27.35,S
2021-07-19T14:06:23,100.0,27.4,S
2021-07-19T14:06:23,11000.0,27.4,S
2021-07-19T14:06:23,127000.0,27.4,S
2021-07-19T14:06:16,1000.0,27.4,S
2021-07-19T14:06:11,100.0,27.4,S
2021-07-19T14:06:04,2500.0,27.4,S
2021-07-19T14:06:03,800.0,27.4,S
2021-07-19T14:05:59,1000.0,27.45,B
2021-07-19T14:05:58,1000.0,27.4,S
2021-07-19T14:05:51,300.0,27.4,S
2021-07-19T14:05:49,1000.0,27.4,S
2021-07-19T14:05:48,1000.0,27.4,S
2021-07-19T14:05:42,1000.0,27.4,S
2021-07-19T14:05:42,600.0,27.4,S
2021-07-19T14:05:37,10000.0,27.4,S
2021-07-19T14:05:29,300.0,27.4,S
2021-07-19T14:05:29,1500.0,27.4,S
2021-07-19T14:05:28,2000.0,27.4,S
2021-07-19T14:05:27,2000.0,27.4,S
2021-07-19T14:05:20,500.0,27.4,S
2021-07-19T14:05:16,500.0,27.4,S
2021-07-19T14:05:16,1000.0,27.4,S
2021-07-19T14:05:15,5000.0,27.4,S
2021-07-19T14:05:07,2100.0,27.4,S
2021-07-19T14:05:02,200.0,27.45,B
2021-07-19T14:04:59,1000.0,27.4,S
2021-07-19T14:04:57,2000.0,27.4,S
2021-07-19T14:04:57,500.0,27.4,S
2021-07-19T14:04:53,100.0,27.4,S
2021-07-19T14:04:48,1000.0,27.4,S
2021-07-19T14:04:45,13000.0,27.4,S
2021-07-19T14:04:42,600.0,27.4,B
2021-07-19T14:04:42,3400.0,27.4,B
2021-07-19T14:04:41,200.0,27.4,B
2021-07-19T14:04:41,50000.0,27.4,B
2021-07-19T14:04:38,100.0,27.4,B
2021-07-19T14:04:35,900.0,27.4,B
2021-07-19T14:04:33,140000.0,27.4,B
2021-07-19T14:04:30,4000.0,27.4,B
2021-07-19T14:04:22,200.0,27.4,B
2021-07-19T14:04:20,100.0,27.4,B
2021-07-19T14:04:19,25000.0,27.4,B
2021-07-19T14:04:16,1200.0,27.4,S
2021-07-19T14:04:16,100.0,27.4,S
2021-07-19T14:04:16,10600.0,27.4,S
2021-07-19T14:04:08,4000.0,27.4,S
2021-07-19T14:04:05,1000.0,27.45,B
2021-07-19T14:04:05,500.0,27.4,S
2021-07-19T14:04:05,100.0,27.4,S
2021-07-19T14:04:04,3200.0,27.4,S
2021-07-19T14:03:54,1000.0,27.4,S
2021-07-19T14:03:51,300.0,27.4,S
2021-07-19T14:03:49,900.0,27.4,S
2021-07-19T14:03:47,2000.0,27.4,S
2021-07-19T14:03:47,200.0,27.4,S
2021-07-19T14:03:46,600.0,27.4,S
2021-07-19T14:03:44,400.0,27.4,S
2021-07-19T14:03:40,100.0,27.4,S
2021-07-19T14:03:39,2000.0,27.4,S
2021-07-19T14:03:38,5000.0,27.4,S
2021-07-19T14:03:37,36100.0,27.4,B
2021-07-19T14:03:37,3200.0,27.4,B
2021-07-19T14:03:37,7500.0,27.4,B
2021-07-19T14:03:37,15500.0,27.4,B
2021-07-19T14:03:37,100.0,27.4,B
2021-07-19T14:03:37,1100.0,27.4,B
2021-07-19T14:03:37,335600.0,27.4,B
2021-07-19T14:03:30,2000.0,27.35,S
2021-07-19T14:03:20,900.0,27.4,B
2021-07-19T14:03:19,500.0,27.35,S
2021-07-19T14:03:14,1000.0,27.35,S
2021-07-19T14:02:51,200.0,27.35,S
2021-07-19T14:02:48,2000.0,27.4,B
2021-07-19T14:02:43,300.0,27.35,S
2021-07-19T14:02:40,10000.0,27.35,S
2021-07-19T14:02:40,3800.0,27.35,S
2021-07-19T14:02:40,3000.0,27.35,S
2021-07-19T14:02:40,3200.0,27.35,S
2021-07-19T14:02:31,2000.0,27.35,S
2021-07-19T14:02:28,1000.0,27.35,S
2021-07-19T14:02:26,1000.0,27.4,B
2021-07-19T14:02:23,1500.0,27.35,S
2021-07-19T14:02:22,200.0,27.4,B
2021-07-19T14:02:19,16000.0,27.35,S
2021-07-19T14:02:10,3600.0,27.35,S
2021-07-19T14:02:05,100.0,27.4,B
2021-07-19T14:02:04,1000.0,27.35,S
2021-07-19T14:01:48,1000.0,27.4,B
2021-07-19T14:01:48,300.0,27.35,S
2021-07-19T14:01:47,3000.0,27.35,S
2021-07-19T14:01:45,200.0,27.35,S
2021-07-19T14:01:43,2400.0,27.35,S
2021-07-19T14:01:41,70000.0,27.35,S
2021-07-19T14:01:41,1000.0,27.4,B
2021-07-19T14:01:38,500.0,27.35,S
2021-07-19T14:01:30,200.0,27.35,S
2021-07-19T14:01:27,18500.0,27.35,S
2021-07-19T14:01:25,1700.0,27.4,B
2021-07-19T14:01:25,900.0,27.4,B
2021-07-19T14:01:25,7500.0,27.4,B
2021-07-19T14:01:25,12200.0,27.4,B
2021-07-19T14:01:25,33600.0,27.4,B
2021-07-19T14:01:25,344100.0,27.4,B
2021-07-19T14:01:22,1200.0,27.35,S
2021-07-19T14:01:22,8800.0,27.35,S
2021-07-19T14:01:20,100.0,27.4,B
2021-07-19T14:01:19,1100.0,27.35,S
2021-07-19T14:01:15,1000.0,27.35,S
2021-07-19T14:01:14,4000.0,27.35,S
2021-07-19T14:01:03,100.0,27.4,B
2021-07-19T14:01:02,2000.0,27.4,B
2021-07-19T14:00:59,1000.0,27.4,B
2021-07-19T14:00:58,3000.0,27.35,S
2021-07-19T14:00:52,1900.0,27.4,B
2021-07-19T14:00:48,3000.0,27.35,S
2021-07-19T14:00:47,2000.0,27.35,S
2021-07-19T14:00:45,1000.0,27.35,S
2021-07-19T14:00:42,3100.0,27.35,S
2021-07-19T14:00:41,400.0,27.35,S
2021-07-19T14:00:41,300.0,27.35,S
2021-07-19T14:00:41,10000.0,27.35,S
2021-07-19T14:00:36,15200.0,27.35,S
2021-07-19T14:00:29,2400.0,27.35,S
2021-07-19T14:00:25,2000.0,27.35,S
2021-07-19T14:00:21,10000.0,27.35,S
2021-07-19T14:00:16,300.0,27.35,S
2021-07-19T14:00:16,3500.0,27.35,S
2021-07-19T14:00:14,500.0,27.35,S
2021-07-19T14:00:12,5300.0,27.35,S
2021-07-19T14:00:10,6400.0,27.35,S
2021-07-19T14:00:08,1100.0,27.4,B
2021-07-19T14:00:07,42700.0,27.35,S
2021-07-19T14:00:07,2300.0,27.35,S
2021-07-19T14:00:05,500.0,27.35,S
2021-07-19T14:00:04,1000.0,27.35,S
2021-07-19T13:59:58,300.0,27.4,B
2021-07-19T13:59:57,300.0,27.35,S
2021-07-19T13:59:53,500.0,27.35,S
2021-07-19T13:59:52,2000.0,27.35,S
2021-07-19T13:59:51,7000.0,27.35,S
2021-07-19T13:59:49,10000.0,27.35,S
2021-07-19T13:59:49,2000.0,27.35,S
2021-07-19T13:59:47,2000.0,27.35,S
2021-07-19T13:59:47,30000.0,27.35,S
2021-07-19T13:59:46,2000.0,27.35,S
2021-07-19T13:59:45,500.0,27.35,S
2021-07-19T13:59:42,4000.0,27.35,S
2021-07-19T13:59:42,100.0,27.35,S
2021-07-19T13:59:42,20000.0,27.35,S
2021-07-19T13:59:39,5000.0,27.35,S
2021-07-19T13:59:37,10000.0,27.35,S
2021-07-19T13:59:36,800.0,27.35,S
2021-07-19T13:59:36,700.0,27.35,S
2021-07-19T13:59:34,200.0,27.35,S
2021-07-19T13:59:33,2000.0,27.35,S
2021-07-19T13:59:32,100.0,27.35,S
2021-07-19T13:59:30,3000.0,27.35,S
2021-07-19T13:59:28,5000.0,27.35,S
2021-07-19T13:59:27,800.0,27.35,S
2021-07-19T13:59:25,3000.0,27.4,B
2021-07-19T13:59:25,500.0,27.35,S
2021-07-19T13:59:21,4000.0,27.35,S
2021-07-19T13:59:20,5000.0,27.35,S
2021-07-19T13:59:20,500.0,27.35,S
2021-07-19T13:59:18,3300.0,27.35,S
2021-07-19T13:59:18,16700.0,27.35,S
2021-07-19T13:59:18,1000.0,27.35,S
2021-07-19T13:59:14,400.0,27.35,S
2021-07-19T13:59:14,10000.0,27.35,S
2021-07-19T13:59:10,500.0,27.35,S
2021-07-19T13:59:10,8800.0,27.35,S
2021-07-19T13:59:07,5000.0,27.35,S
2021-07-19T13:59:07,3000.0,27.35,S
2021-07-19T13:59:05,7500.0,27.35,S
2021-07-19T13:59:02,20800.0,27.4,B
2021-07-19T13:58:57,200.0,27.4,B
2021-07-19T13:58:56,1000.0,27.4,B
2021-07-19T13:58:47,101000.0,27.4,S
2021-07-19T13:58:47,1200.0,27.4,S
2021-07-19T13:58:47,1100.0,27.4,S
2021-07-19T13:58:47,47900.0,27.4,S
2021-07-19T13:58:47,500.0,27.4,S
2021-07-19T13:58:43,10000.0,27.4,S
2021-07-19T13:58:41,300.0,27.4,S
2021-07-19T13:58:40,100.0,27.45,B
2021-07-19T13:58:39,1000.0,27.4,S
2021-07-19T13:58:39,2000.0,27.4,S
2021-07-19T13:58:39,600.0,27.4,S
2021-07-19T13:58:38,200.0,27.4,S
2021-07-19T13:58:37,5000.0,27.4,S
2021-07-19T13:58:37,1600.0,27.4,S
2021-07-19T13:58:32,10000.0,27.4,S
2021-07-19T13:58:28,1000.0,27.4,S
2021-07-19T13:58:27,100.0,27.45,B
2021-07-19T13:58:25,56000.0,27.45,B
2021-07-19T13:58:25,36200.0,27.45,B
2021-07-19T13:58:25,7800.0,27.45,B
2021-07-19T13:58:15,92200.0,27.45,S
2021-07-19T13:58:12,1000.0,27.45,S
2021-07-19T13:58:10,2000.0,27.45,S
2021-07-19T13:58:10,3000.0,27.45,S
2021-07-19T13:58:09,1000.0,27.45,S
2021-07-19T13:58:04,2000.0,27.45,S
2021-07-19T13:58:02,5000.0,27.45,S
2021-07-19T13:57:58,8000.0,27.45,S
2021-07-19T13:57:57,5000.0,27.45,S
2021-07-19T13:57:57,100.0,27.5,B
2021-07-19T13:57:56,1500.0,27.45,S
2021-07-19T13:57:54,100.0,27.45,S
2021-07-19T13:57:53,10000.0,27.45,S
2021-07-19T13:57:52,100.0,27.45,S
2021-07-19T13:57:51,7000.0,27.45,S
2021-07-19T13:57:48,2000.0,27.45,S
2021-07-19T13:57:45,200.0,27.45,S
2021-07-19T13:57:40,100.0,27.45,S
2021-07-19T13:57:40,700.0,27.45,S
2021-07-19T13:57:39,21000.0,27.45,S
2021-07-19T13:57:34,5000.0,27.5,B
2021-07-19T13:57:34,2000.0,27.45,S
2021-07-19T13:57:33,6100.0,27.45,S
2021-07-19T13:57:33,100.0,27.45,S
2021-07-19T13:57:32,20000.0,27.45,S
2021-07-19T13:57:32,500.0,27.5,B
2021-07-19T13:57:31,20000.0,27.45,S
2021-07-19T13:57:27,100.0,27.45,S
2021-07-19T13:57:25,700.0,27.45,S
2021-07-19T13:57:21,3000.0,27.45,S
2021-07-19T13:57:15,18900.0,27.45,B
2021-07-19T13:57:11,500.0,27.45,B
2021-07-19T13:57:06,1500.0,27.4,S
2021-07-19T13:56:59,200.0,27.45,B
2021-07-19T13:56:56,11300.0,27.45,B
2021-07-19T13:56:53,10000.0,27.45,B
2021-07-19T13:56:53,10300.0,27.45,S
2021-07-19T13:56:52,5000.0,27.45,S
2021-07-19T13:56:52,72900.0,27.5,S
2021-07-19T13:56:51,2200.0,27.5,B
2021-07-19T13:56:51,500.0,27.5,B
2021-07-19T13:56:51,324400.0,27.5,B
2021-07-19T13:56:51,800.0,27.5,B
2021-07-19T13:56:50,100.0,27.5,B
2021-07-19T13:56:44,100.0,27.5,B
2021-07-19T13:56:38,100.0,27.5,B
2021-07-19T13:56:31,200.0,27.45,S
2021-07-19T13:56:26,300.0,27.45,S
2021-07-19T13:56:18,200.0,27.45,S
2021-07-19T13:56:10,500.0,27.45,S
2021-07-19T13:56:09,100.0,27.45,S
2021-07-19T13:56:08,10100.0,27.45,B
2021-07-19T13:56:07,500.0,27.45,B
2021-07-19T13:56:05,7000.0,27.45,B
2021-07-19T13:56:05,100.0,27.45,B
2021-07-19T13:56:03,5000.0,27.45,B
2021-07-19T13:55:56,7300.0,27.5,B
2021-07-19T13:55:54,2000.0,27.5,S
2021-07-19T13:55:54,17100.0,27.5,B
2021-07-19T13:55:54,20400.0,27.5,B
2021-07-19T13:55:50,200.0,27.4,S
2021-07-19T13:55:48,500.0,27.4,S
2021-07-19T13:55:48,100.0,27.4,S
2021-07-19T13:55:47,30800.0,27.5,B
2021-07-19T13:55:47,4000.0,27.5,B
2021-07-19T13:55:47,1200.0,27.5,B
2021-07-19T13:55:47,1300.0,27.5,B
2021-07-19T13:55:47,246900.0,27.5,B
2021-07-19T13:55:47,100.0,27.45,B
2021-07-19T13:55:47,15700.0,27.45,B
2021-07-19T13:55:39,2400.0,27.45,B
2021-07-19T13:55:38,3000.0,27.4,S
2021-07-19T13:55:35,2000.0,27.4,S
2021-07-19T13:55:27,1100.0,27.4,S
2021-07-19T13:55:25,2000.0,27.4,S
2021-07-19T13:55:20,44300.0,27.4,B
2021-07-19T13:55:14,500.0,27.4,B
2021-07-19T13:55:10,100.0,27.4,B
2021-07-19T13:55:08,10100.0,27.4,S
2021-07-19T13:55:04,1500.0,27.4,S
2021-07-19T13:54:56,100.0,27.45,B
2021-07-19T13:54:49,200.0,27.45,S
2021-07-19T13:54:49,5000.0,27.45,S
2021-07-19T13:54:46,500.0,27.45,S
2021-07-19T13:54:46,400.0,27.5,B
2021-07-19T13:54:45,2000.0,27.45,S
2021-07-19T13:54:39,200.0,27.45,S
2021-07-19T13:54:37,3500.0,27.45,S
2021-07-19T13:54:35,1000.0,27.45,S
2021-07-19T13:54:33,23200.0,27.45,B
2021-07-19T13:54:33,1000.0,27.45,B
2021-07-19T13:54:33,8700.0,27.45,B
2021-07-19T13:54:33,43200.0,27.45,B
2021-07-19T13:54:33,500.0,27.4,B
2021-07-19T13:54:33,11300.0,27.4,B
2021-07-19T13:54:30,100.0,27.4,S
2021-07-19T13:54:30,8600.0,27.4,S
2021-07-19T13:54:30,29000.0,27.4,S
2021-07-19T13:54:19,200.0,27.45,B
2021-07-19T13:54:17,1700.0,27.45,S
2021-07-19T13:54:16,10000.0,27.45,S
2021-07-19T13:54:06,13800.0,27.45,B
2021-07-19T13:54:04,300.0,27.45,B
2021-07-19T13:54:02,1000.0,27.45,B
2021-07-19T13:53:57,1200.0,27.45,B
2021-07-19T13:53:52,4300.0,27.45,S
2021-07-19T13:53:52,2500.0,27.45,S
2021-07-19T13:53:43,100.0,27.45,S
2021-07-19T13:53:39,100000.0,27.5,B
2021-07-19T13:53:34,100.0,27.5,B
2021-07-19T13:53:32,5000.0,27.5,B
2021-07-19T13:53:30,300.0,27.5,B
2021-07-19T13:53:27,30100.0,27.5,S
2021-07-19T13:53:27,15700.0,27.5,S
2021-07-19T13:53:26,1000.0,27.5,S
2021-07-19T13:53:25,200.0,27.5,S
2021-07-19T13:53:22,200.0,27.5,S
2021-07-19T13:53:17,300.0,27.5,B
2021-07-19T13:53:17,1300.0,27.5,B
2021-07-19T13:53:17,2000.0,27.5,B
2021-07-19T13:53:17,900.0,27.5,B
2021-07-19T13:53:17,5000.0,27.5,B
2021-07-19T13:53:17,9600.0,27.5,B
2021-07-19T13:53:17,1200.0,27.5,B
2021-07-19T13:53:17,7400.0,27.5,B
2021-07-19T13:53:17,40200.0,27.5,B
2021-07-19T13:53:17,4100.0,27.5,B
2021-07-19T13:53:17,3200.0,27.5,B
2021-07-19T13:53:17,100.0,27.5,B
2021-07-19T13:53:17,4000.0,27.5,B
2021-07-19T13:53:17,3800.0,27.5,B
2021-07-19T13:53:17,1400.0,27.5,B
2021-07-19T13:53:17,2200.0,27.5,B
2021-07-19T13:53:17,8400.0,27.5,B
2021-07-19T13:53:17,4700.0,27.5,B
2021-07-19T13:53:17,7500.0,27.5,B
2021-07-19T13:53:17,2900.0,27.5,B
2021-07-19T13:53:17,21000.0,27.5,B
2021-07-19T13:53:17,1700.0,27.5,B
2021-07-19T13:53:14,13700.0,27.45,S
2021-07-19T13:53:11,100.0,27.5,B
2021-07-19T13:53:07,200.0,27.5,B
2021-07-19T13:53:07,100.0,27.45,S
2021-07-19T13:53:05,15000.0,27.45,S
2021-07-19T13:53:04,32900.0,27.45,B
2021-07-19T13:53:04,10100.0,27.45,B
2021-07-19T13:53:04,11600.0,27.45,B
2021-07-19T13:53:04,63900.0,27.45,B
2021-07-19T13:53:00,100.0,27.4,B
2021-07-19T13:53:00,20000.0,27.4,B
2021-07-19T13:52:56,5000.0,27.4,B
2021-07-19T13:52:56,100.0,27.4,B
2021-07-19T13:52:56,4900.0,27.4,B
2021-07-19T13:52:56,100.0,27.35,S
2021-07-19T13:52:51,100.0,27.35,S
2021-07-19T13:52:45,400.0,27.35,S
2021-07-19T13:52:45,100.0,27.4,B
2021-07-19T13:52:36,10000.0,27.35,S
2021-07-19T13:52:34,8700.0,27.35,S
2021-07-19T13:52:33,1000.0,27.35,B
2021-07-19T13:52:33,2000.0,27.35,B
2021-07-19T13:52:31,25000.0,27.35,B
2021-07-19T13:52:29,100.0,27.35,B
2021-07-19T13:52:27,400.0,27.35,B
2021-07-19T13:52:25,200.0,27.35,B
2021-07-19T13:52:24,1500.0,27.35,B
2021-07-19T13:52:20,7500.0,27.35,B
2021-07-19T13:52:20,1600.0,27.3,S
2021-07-19T13:52:18,500.0,27.35,B
2021-07-19T13:52:16,100.0,27.35,B
2021-07-19T13:52:16,100.0,27.35,B
2021-07-19T13:52:11,100.0,27.3,S
2021-07-19T13:52:06,24000.0,27.3,B
2021-07-19T13:52:06,100.0,27.3,B
2021-07-19T13:52:05,900.0,27.3,B
2021-07-19T13:52:05,800.0,27.3,B
2021-07-19T13:52:01,1000.0,27.3,B
2021-07-19T13:51:59,300.0,27.3,B
2021-07-19T13:51:58,200000.0,27.3,B
2021-07-19T13:51:57,1000.0,27.3,B
2021-07-19T13:51:53,100.0,27.25,S
2021-07-19T13:51:52,600.0,27.3,B
2021-07-19T13:51:52,300.0,27.3,B
2021-07-19T13:51:52,1800.0,27.3,B
2021-07-19T13:51:51,1000.0,27.3,B
2021-07-19T13:51:50,3000.0,27.3,B
2021-07-19T13:51:49,300.0,27.3,B
2021-07-19T13:51:48,1000.0,27.3,B
2021-07-19T13:51:48,1000.0,27.3,B
2021-07-19T13:51:48,1000.0,27.3,B
2021-07-19T13:51:46,200.0,27.3,B
2021-07-19T13:51:46,85900.0,27.3,B
2021-07-19T13:51:46,14100.0,27.3,B
2021-07-19T13:51:39,300.0,27.3,B
2021-07-19T13:51:37,2500.0,27.25,S
2021-07-19T13:51:36,500.0,27.3,B
2021-07-19T13:51:34,1000.0,27.3,B
2021-07-19T13:51:30,2000.0,27.3,B
2021-07-19T13:51:28,100000.0,27.3,B
2021-07-19T13:51:28,500.0,27.3,B
2021-07-19T13:51:25,2900.0,27.3,B
2021-07-19T13:51:24,50000.0,27.3,B
2021-07-19T13:51:23,300.0,27.3,B
2021-07-19T13:51:22,600.0,27.3,B
2021-07-19T13:51:20,2000.0,27.3,B
2021-07-19T13:51:15,300.0,27.25,S
2021-07-19T13:51:14,1000.0,27.3,B
2021-07-19T13:51:13,100.0,27.3,B
2021-07-19T13:51:11,25000.0,27.3,B
2021-07-19T13:51:10,10000.0,27.3,B
2021-07-19T13:51:06,300.0,27.3,B
2021-07-19T13:51:04,100.0,27.25,S
2021-07-19T13:51:04,600.0,27.25,S
2021-07-19T13:51:04,100.0,27.25,S
2021-07-19T13:50:51,500.0,27.3,B
2021-07-19T13:50:50,400.0,27.3,B
2021-07-19T13:50:47,500.0,27.3,B
2021-07-19T13:50:47,900.0,27.25,S
2021-07-19T13:50:39,1000.0,27.25,S
2021-07-19T13:50:37,100.0,27.25,S
2021-07-19T13:50:37,18300.0,27.3,B
2021-07-19T13:50:34,50000.0,27.3,B
2021-07-19T13:50:32,200.0,27.3,B
2021-07-19T13:50:26,1400.0,27.25,S
2021-07-19T13:50:26,2000.0,27.3,B
2021-07-19T13:50:26,100.0,27.3,B
2021-07-19T13:50:24,2000.0,27.3,B
2021-07-19T13:50:24,100.0,27.3,S
2021-07-19T13:50:24,1000.0,27.3,S
2021-07-19T13:50:24,10800.0,27.3,S
2021-07-19T13:50:24,800.0,27.3,S
2021-07-19T13:50:24,3200.0,27.3,S
2021-07-19T13:50:24,100.0,27.4,B
2021-07-19T13:50:16,1000.0,27.3,S
2021-07-19T13:50:12,2300.0,27.4,B
2021-07-19T13:50:12,5000.0,27.4,B
2021-07-19T13:50:12,36300.0,27.4,B
2021-07-19T13:50:12,1700.0,27.4,B
2021-07-19T13:50:12,18300.0,27.4,B
2021-07-19T13:50:12,21200.0,27.4,B
2021-07-19T13:50:12,4100.0,27.35,B
2021-07-19T13:50:12,11100.0,27.35,B
2021-07-19T13:50:09,1000.0,27.3,S
2021-07-19T13:50:07,200.0,27.3,B
2021-07-19T13:50:07,1100.0,27.3,B
2021-07-19T13:50:07,100.0,27.3,B
2021-07-19T13:50:07,22000.0,27.3,B
2021-07-19T13:50:03,100.0,27.25,S
2021-07-19T13:50:01,200.0,27.3,B
2021-07-19T13:49:58,200.0,27.3,B
2021-07-19T13:49:58,1300.0,27.3,B
2021-07-19T13:49:57,400.0,27.3,B
2021-07-19T13:49:56,500.0,27.3,B
2021-07-19T13:49:54,5000.0,27.3,B
2021-07-19T13:49:53,500.0,27.3,B
2021-07-19T13:49:52,25000.0,27.3,B
2021-07-19T13:49:51,100.0,27.3,B
2021-07-19T13:49:43,200.0,27.3,B
2021-07-19T13:49:40,300.0,27.25,S
2021-07-19T13:49:39,300.0,27.25,S
2021-07-19T13:49:36,200.0,27.25,B
2021-07-19T13:49:32,200.0,27.25,B
2021-07-19T13:49:32,600.0,27.25,B
2021-07-19T13:49:32,2200.0,27.25,B
2021-07-19T13:49:25,1000.0,27.25,B
2021-07-19T13:49:25,600.0,27.2,S
2021-07-19T13:49:25,400.0,27.2,S
2021-07-19T13:49:25,500.0,27.25,B
2021-07-19T13:49:21,100.0,27.25,B
2021-07-19T13:49:20,500.0,27.2,S
2021-07-19T13:49:17,1000.0,27.2,S
2021-07-19T13:49:16,500.0,27.2,S
2021-07-19T13:49:15,1000.0,27.25,B
2021-07-19T13:49:12,100.0,27.2,B
2021-07-19T13:49:12,2500.0,27.2,B
2021-07-19T13:49:12,1000.0,27.2,B
2021-07-19T13:49:12,9000.0,27.2,B
2021-07-19T13:49:11,500.0,27.2,B
2021-07-19T13:49:11,100.0,27.2,B
2021-07-19T13:49:11,3500.0,27.2,B
2021-07-19T13:49:07,2000.0,27.2,B
2021-07-19T13:49:07,1000.0,27.2,B
2021-07-19T13:49:07,100.0,27.2,B
2021-07-19T13:49:05,5000.0,27.2,B
2021-07-19T13:49:05,500.0,27.2,B
2021-07-19T13:49:04,1000.0,27.2,B
2021-07-19T13:49:04,200.0,27.2,B
2021-07-19T13:49:04,100.0,27.2,B
2021-07-19T13:49:04,36300.0,27.2,B
2021-07-19T13:49:04,500.0,27.2,B
2021-07-19T13:49:04,500.0,27.2,B
2021-07-19T13:49:03,1000.0,27.2,B
2021-07-19T13:49:03,100.0,27.2,B
2021-07-19T13:49:02,600.0,27.2,B
2021-07-19T13:49:01,100000.0,27.2,B
2021-07-19T13:49:00,100.0,27.2,B
2021-07-19T13:48:59,2000.0,27.2,B
2021-07-19T13:48:59,10000.0,27.2,B
2021-07-19T13:48:59,800.0,27.2,B
2021-07-19T13:48:58,3000.0,27.2,B
2021-07-19T13:48:57,1500.0,27.2,B
2021-07-19T13:48:57,100.0,27.2,B
2021-07-19T13:48:56,3100.0,27.2,B
2021-07-19T13:48:56,100.0,27.2,B
2021-07-19T13:48:56,100.0,27.2,B
2021-07-19T13:48:55,100.0,27.2,B
2021-07-19T13:48:55,400.0,27.2,B
2021-07-19T13:48:55,100.0,27.2,B
2021-07-19T13:48:54,200.0,27.2,B
2021-07-19T13:48:54,200.0,27.2,B
2021-07-19T13:48:53,4200.0,27.2,B
2021-07-19T13:48:52,5000.0,27.2,B
2021-07-19T13:48:51,500.0,27.2,B
2021-07-19T13:48:50,5000.0,27.2,B
2021-07-19T13:48:48,500.0,27.2,B
2021-07-19T13:48:48,500.0,27.2,B
2021-07-19T13:48:48,33900.0,27.2,B
2021-07-19T13:48:47,19900.0,27.2,B
2021-07-19T13:48:46,200.0,27.2,B
2021-07-19T13:48:46,25000.0,27.2,B
2021-07-19T13:48:45,21500.0,27.2,B
2021-07-19T13:48:45,1700.0,27.2,B
2021-07-19T13:48:45,800.0,27.2,B
2021-07-19T13:48:43,500.0,27.2,B
2021-07-19T13:48:41,200.0,27.2,B
2021-07-19T13:48:40,500.0,27.2,B
2021-07-19T13:48:39,5900.0,27.2,B
2021-07-19T13:48:38,100.0,27.2,B
2021-07-19T13:48:37,300.0,27.2,B
2021-07-19T13:48:37,600.0,27.2,B
2021-07-19T13:48:36,3700.0,27.2,B
2021-07-19T13:48:36,3200.0,27.2,B
2021-07-19T13:48:36,7500.0,27.2,B
2021-07-19T13:48:36,100.0,27.2,B
2021-07-19T13:48:36,500.0,27.2,B
2021-07-19T13:48:36,300.0,27.2,B
2021-07-19T13:48:35,100.0,27.2,B
2021-07-19T13:48:32,100.0,27.2,B
2021-07-19T13:48:32,1000.0,27.2,B
2021-07-19T13:48:31,500.0,27.2,B
2021-07-19T13:48:31,1000.0,27.2,B
2021-07-19T13:48:31,1000.0,27.2,B
2021-07-19T13:48:31,100.0,27.15,S
2021-07-19T13:48:30,1000.0,27.15,S
2021-07-19T13:48:24,1100.0,27.2,B
2021-07-19T13:48:23,1000.0,27.2,B
2021-07-19T13:48:20,2900.0,27.2,B
2021-07-19T13:48:20,4700.0,27.2,B
2021-07-19T13:48:20,14400.0,27.2,B
2021-07-19T13:48:20,1000.0,27.15,S
2021-07-19T13:48:19,500.0,27.15,B
2021-07-19T13:48:19,100.0,27.15,B
2021-07-19T13:48:19,400.0,27.15,B
2021-07-19T13:48:18,130000.0,27.15,B
2021-07-19T13:48:17,5000.0,27.15,B
2021-07-19T13:48:16,500.0,27.15,B
2021-07-19T13:48:16,200.0,27.15,B
2021-07-19T13:48:15,6900.0,27.15,B
2021-07-19T13:48:14,50000.0,27.15,B
2021-07-19T13:48:14,500.0,27.15,B
2021-07-19T13:48:12,100.0,27.15,B
2021-07-19T13:48:10,700.0,27.1,S
2021-07-19T13:48:10,7500.0,27.15,B
2021-07-19T13:48:09,500.0,27.15,B
2021-07-19T13:48:09,400.0,27.15,B
2021-07-19T13:48:09,2500.0,27.15,B
2021-07-19T13:48:08,20000.0,27.15,B
2021-07-19T13:48:08,400.0,27.15,B
2021-07-19T13:48:08,2100.0,27.15,B
2021-07-19T13:48:08,500.0,27.15,B
2021-07-19T13:48:08,500.0,27.15,B
2021-07-19T13:48:06,300.0,27.1,S
2021-07-19T13:48:05,300.0,27.15,B
2021-07-19T13:48:05,2700.0,27.15,B
2021-07-19T13:48:03,5000.0,27.15,B
2021-07-19T13:48:03,500.0,27.15,B
2021-07-19T13:48:02,1000.0,27.15,B
2021-07-19T13:48:01,2000.0,27.15,B
2021-07-19T13:48:00,500.0,27.15,B
2021-07-19T13:48:00,100.0,27.15,B
2021-07-19T13:47:57,2000.0,27.15,B
2021-07-19T13:47:57,1000.0,27.15,B
2021-07-19T13:47:57,200.0,27.15,B
2021-07-19T13:47:55,700.0,27.15,B
2021-07-19T13:47:48,2000.0,27.15,B
2021-07-19T13:47:46,3000.0,27.1,S
2021-07-19T13:47:42,100.0,27.1,S
2021-07-19T13:47:41,9300.0,27.1,B
2021-07-19T13:47:41,4600.0,27.1,B
2021-07-19T13:47:40,8600.0,27.1,B
2021-07-19T13:47:40,1300.0,27.1,B
2021-07-19T13:47:40,5100.0,27.1,B
2021-07-19T13:47:39,1300.0,27.1,B
2021-07-19T13:47:38,2000.0,27.1,B
2021-07-19T13:47:38,200.0,27.1,B
2021-07-19T13:47:36,3000.0,27.1,B
2021-07-19T13:47:34,500.0,27.05,S
2021-07-19T13:47:33,1000.0,27.1,B
2021-07-19T13:47:33,100.0,27.1,B
2021-07-19T13:47:30,2000.0,27.1,B
2021-07-19T13:47:29,100.0,27.05,S
2021-07-19T13:47:19,48500.0,27.05,B
2021-07-19T13:47:16,5200.0,27.05,B
2021-07-19T13:47:15,2000.0,27.05,B
2021-07-19T13:47:15,1000.0,27.05,B
2021-07-19T13:47:15,15400.0,27.05,B
2021-07-19T13:47:14,300.0,27.05,B
2021-07-19T13:47:13,20000.0,27.05,B
2021-07-19T13:47:13,5000.0,27.0,S
2021-07-19T13:47:11,500.0,27.05,B
2021-07-19T13:47:08,100.0,27.05,B
2021-07-19T13:47:08,100.0,27.05,B
2021-07-19T13:47:08,2000.0,27.05,B
2021-07-19T13:47:06,500.0,27.05,B
2021-07-19T13:47:06,5000.0,27.05,B
2021-07-19T13:47:06,1000.0,27.05,B
2021-07-19T13:47:04,1000.0,27.05,B
2021-07-19T13:47:04,25000.0,27.05,B
2021-07-19T13:47:03,800.0,27.05,B
2021-07-19T13:47:01,10000.0,27.05,B
2021-07-19T13:47:01,5000.0,27.05,B
2021-07-19T13:46:59,23000.0,27.0,S
2021-07-19T13:46:58,500.0,27.05,B
2021-07-19T13:46:55,25000.0,27.05,B
2021-07-19T13:46:54,1300.0,27.05,B
2021-07-19T13:46:53,5000.0,27.05,B
2021-07-19T13:46:53,5000.0,27.05,B
2021-07-19T13:46:52,200.0,27.05,B
2021-07-19T13:46:51,19900.0,27.05,B
2021-07-19T13:46:49,1000.0,27.0,S
2021-07-19T13:46:49,4400.0,27.05,B
2021-07-19T13:46:49,5000.0,27.05,B
2021-07-19T13:46:49,15200.0,27.05,S
2021-07-19T13:46:46,1500.0,27.1,B
2021-07-19T13:46:45,100.0,27.1,B
2021-07-19T13:46:39,200.0,27.1,B
2021-07-19T13:46:38,2000.0,27.05,S
2021-07-19T13:46:37,200.0,27.05,S
2021-07-19T13:46:37,1000.0,27.1,B
2021-07-19T13:46:37,20000.0,27.05,S
2021-07-19T13:46:36,100.0,27.1,B
2021-07-19T13:46:34,500.0,27.05,S
2021-07-19T13:46:31,4600.0,27.05,B
2021-07-19T13:46:31,1800.0,27.0,S
2021-07-19T13:46:31,2000.0,27.0,S
2021-07-19T13:46:30,100.0,27.05,B
2021-07-19T13:46:30,300.0,27.05,B
2021-07-19T13:46:27,5000.0,27.0,S
2021-07-19T13:46:27,5000.0,27.05,B
2021-07-19T13:46:26,1000.0,27.05,B
2021-07-19T13:46:26,500.0,27.05,B
2021-07-19T13:46:24,500.0,27.05,B
2021-07-19T13:46:23,1000.0,27.0,S
2021-07-19T13:46:23,300.0,27.0,S
2021-07-19T13:46:23,500.0,27.0,S
2021-07-19T13:46:22,200.0,27.05,B
2021-07-19T13:46:19,2900.0,27.05,B
2021-07-19T13:46:19,2000.0,27.05,B
2021-07-19T13:46:19,4100.0,27.05,B
2021-07-19T13:46:19,500.0,27.0,S
2021-07-19T13:46:17,1000.0,27.0,B
2021-07-19T13:46:17,2900.0,27.0,B
2021-07-19T13:46:17,12100.0,27.0,B
2021-07-19T13:46:17,5100.0,27.0,B
2021-07-19T13:46:17,7700.0,27.0,B
2021-07-19T13:46:17,3300.0,27.0,B
2021-07-19T13:46:17,2000.0,27.0,B
2021-07-19T13:46:17,2100.0,27.0,B
2021-07-19T13:46:17,1000.0,27.0,B
2021-07-19T13:46:17,700.0,27.0,B
2021-07-19T13:46:17,1000.0,27.0,B
2021-07-19T13:46:17,7200.0,27.0,B
2021-07-19T13:46:17,800.0,27.0,B
2021-07-19T13:46:17,100.0,27.0,B
2021-07-19T13:46:17,3000.0,27.0,B
2021-07-19T13:46:17,300.0,27.0,B
2021-07-19T13:46:17,1800.0,27.0,B
2021-07-19T13:46:17,200.0,27.0,B
2021-07-19T13:46:16,1000.0,27.0,B
2021-07-19T13:46:16,100.0,27.0,B
2021-07-19T13:46:16,100.0,27.0,B
2021-07-19T13:46:16,2800.0,27.0,B
2021-07-19T13:46:16,1100.0,27.0,B
2021-07-19T13:46:16,4200.0,27.0,B
2021-07-19T13:46:16,2300.0,27.0,B
2021-07-19T13:46:16,300.0,27.0,B
2021-07-19T13:46:16,3000.0,27.0,B
2021-07-19T13:46:16,8000.0,27.0,B
2021-07-19T13:46:16,5500.0,27.0,B
2021-07-19T13:46:16,1000.0,27.0,B
2021-07-19T13:46:16,21800.0,27.0,B
2021-07-19T13:46:15,100.0,27.0,B
2021-07-19T13:46:14,300.0,27.0,B
2021-07-19T13:46:14,5000.0,27.0,B
2021-07-19T13:46:13,1000.0,27.0,B
2021-07-19T13:46:13,30000.0,27.0,B
2021-07-19T13:46:13,100.0,27.0,B
2021-07-19T13:46:12,2000.0,27.0,B
2021-07-19T13:46:12,5000.0,27.0,B
2021-07-19T13:46:11,100.0,27.0,B
2021-07-19T13:46:11,500.0,27.0,B
2021-07-19T13:46:10,1000.0,27.0,B
2021-07-19T13:46:10,10000.0,27.0,B
2021-07-19T13:46:08,1000.0,27.0,B
2021-07-19T13:46:07,1000.0,26.95,S
2021-07-19T13:46:07,200.0,27.0,B
2021-07-19T13:46:06,3000.0,27.0,B
2021-07-19T13:46:06,900.0,27.0,B
2021-07-19T13:46:06,100.0,27.0,B
2021-07-19T13:46:06,200.0,27.0,B
2021-07-19T13:46:06,200.0,27.0,B
2021-07-19T13:46:06,800.0,27.0,B
2021-07-19T13:46:06,1600.0,27.0,B
2021-07-19T13:46:05,100.0,27.0,B
2021-07-19T13:46:04,2000.0,27.0,B
2021-07-19T13:46:04,4200.0,27.0,B
2021-07-19T13:46:03,500.0,26.95,S
2021-07-19T13:46:03,100.0,27.0,B
2021-07-19T13:46:02,2500.0,27.0,B
2021-07-19T13:46:00,2500.0,27.0,B
2021-07-19T13:46:00,2700.0,27.0,B
2021-07-19T13:46:00,14800.0,27.0,B
2021-07-19T13:45:59,200.0,27.0,B
2021-07-19T13:45:59,100.0,27.0,B
2021-07-19T13:45:55,5800.0,27.0,B
2021-07-19T13:45:55,4600.0,27.0,B
2021-07-19T13:45:53,500.0,27.0,B
2021-07-19T13:45:51,2700.0,27.0,B
2021-07-19T13:45:51,700.0,27.0,B
2021-07-19T13:45:51,32400.0,27.0,B
2021-07-19T13:45:51,14200.0,27.0,B
2021-07-19T13:45:49,200.0,27.0,B
2021-07-19T13:45:44,5900.0,27.0,B
2021-07-19T13:45:44,300.0,26.95,S
2021-07-19T13:45:44,4800.0,27.0,B
2021-07-19T13:45:44,100.0,27.0,B
2021-07-19T13:45:44,300.0,26.95,S
2021-07-19T13:45:44,50000.0,27.0,B
2021-07-19T13:45:43,1000.0,26.95,S
2021-07-19T13:45:40,10000.0,27.0,B
2021-07-19T13:45:40,200.0,27.0,B
2021-07-19T13:45:37,5000.0,26.95,S
2021-07-19T13:45:37,2000.0,26.95,S
2021-07-19T13:45:37,20000.0,27.0,B
2021-07-19T13:45:36,500.0,27.0,B
2021-07-19T13:45:36,3800.0,27.0,B
2021-07-19T13:45:34,1000.0,26.95,S
2021-07-19T13:45:33,4800.0,27.0,B
2021-07-19T13:45:33,60000.0,26.95,S
2021-07-19T13:45:32,6100.0,27.0,B
2021-07-19T13:45:32,5000.0,27.0,B
2021-07-19T13:45:28,10000.0,27.0,B
2021-07-19T13:45:25,500.0,27.0,B
2021-07-19T13:45:25,100.0,27.0,B
2021-07-19T13:45:24,3200.0,26.95,S
2021-07-19T13:45:22,500.0,27.0,B
2021-07-19T13:45:21,1000.0,26.95,S
2021-07-19T13:45:21,2000.0,26.95,S
2021-07-19T13:45:20,3000.0,27.0,B
2021-07-19T13:45:18,200.0,26.95,S
2021-07-19T13:45:18,4800.0,27.0,B
2021-07-19T13:45:14,100.0,27.0,B
2021-07-19T13:45:14,5000.0,26.95,S
2021-07-19T13:45:11,900.0,26.95,S
2021-07-19T13:45:11,200.0,26.95,S
2021-07-19T13:45:08,4800.0,27.0,B
2021-07-19T13:45:03,100.0,26.95,S
2021-07-19T13:45:02,200.0,26.95,S
2021-07-19T13:45:00,500.0,27.0,B
2021-07-19T13:44:59,1500.0,27.0,B
2021-07-19T13:44:57,3000.0,26.95,S
2021-07-19T13:44:55,100.0,26.95,S
2021-07-19T13:44:54,3000.0,26.95,S
2021-07-19T13:44:54,300.0,27.0,B
2021-07-19T13:44:53,1000.0,27.0,B
2021-07-19T13:44:50,200.0,26.95,S
2021-07-19T13:44:50,2600.0,26.95,S
2021-07-19T13:44:47,100.0,26.95,S
2021-07-19T13:44:47,1000.0,27.0,B
2021-07-19T13:44:47,2500.0,26.95,S
2021-07-19T13:44:47,500.0,26.95,S
2021-07-19T13:44:44,1000.0,26.95,S
2021-07-19T13:44:44,400.0,27.0,B
2021-07-19T13:44:44,1500.0,26.95,S
2021-07-19T13:44:43,1000.0,27.0,B
2021-07-19T13:44:42,700.0,27.0,B
2021-07-19T13:44:42,300.0,26.95,B
2021-07-19T13:44:40,200.0,26.95,S
2021-07-19T13:44:39,6100.0,27.0,B
2021-07-19T13:44:30,1000.0,26.95,B
2021-07-19T13:44:30,4000.0,26.9,S
2021-07-19T13:44:28,4400.0,27.0,B
2021-07-19T13:44:28,400.0,26.9,S
2021-07-19T13:44:28,300.0,26.9,S
2021-07-19T13:44:22,2000.0,26.9,S
2021-07-19T13:44:22,500.0,26.95,B
2021-07-19T13:44:21,100.0,27.0,B
2021-07-19T13:44:20,7000.0,27.0,B
2021-07-19T13:44:18,500.0,26.7,S
2021-07-19T13:44:17,4500.0,27.0,B
2021-07-19T13:44:17,500.0,26.95,B
2021-07-19T13:44:17,500.0,26.95,B
2021-07-19T13:44:13,5000.0,27.0,B
2021-07-19T13:44:12,2000.0,26.7,S
2021-07-19T13:44:12,7000.0,26.7,S
2021-07-19T13:44:11,2000.0,27.0,B
2021-07-19T13:44:10,400.0,27.0,B
2021-07-19T13:44:07,100.0,27.0,B
2021-07-19T13:44:07,5500.0,27.0,B
2021-07-19T13:44:07,100.0,26.95,B
2021-07-19T13:44:06,11900.0,26.7,S
2021-07-19T13:44:05,4000.0,26.7,S
2021-07-19T13:44:04,1000.0,26.95,B
2021-07-19T13:44:04,2000.0,26.95,B
2021-07-19T13:44:04,200.0,26.95,S
2021-07-19T13:44:04,500.0,26.95,S
2021-07-19T13:44:04,10400.0,26.7,S
2021-07-19T13:44:04,1300.0,26.7,S
2021-07-19T13:44:04,1100.0,26.7,S
2021-07-19T13:44:04,200.0,26.7,S
2021-07-19T13:44:04,800.0,26.7,S
2021-07-19T13:44:04,700.0,26.7,S
2021-07-19T13:44:04,1100.0,26.7,S
2021-07-19T13:44:04,15100.0,26.7,S
2021-07-19T13:44:04,1700.0,26.7,S
2021-07-19T13:44:04,54000.0,26.7,S
2021-07-19T13:44:04,50800.0,26.7,S
2021-07-19T13:44:04,5600.0,26.7,S
2021-07-19T13:44:04,2300.0,26.7,S
2021-07-19T13:44:04,100.0,26.7,S
2021-07-19T13:44:04,3400.0,26.75,S
2021-07-19T13:44:04,300.0,26.75,S
2021-07-19T13:44:04,30000.0,26.8,S
2021-07-19T13:44:04,1000.0,26.8,S
2021-07-19T13:44:04,7100.0,26.8,S
2021-07-19T13:44:04,1500.0,26.8,S
2021-07-19T13:44:04,50300.0,26.8,S
2021-07-19T13:44:04,200.0,26.8,S
2021-07-19T13:44:04,49000.0,26.8,S
2021-07-19T13:44:04,1600.0,26.8,S
2021-07-19T13:44:04,16000.0,26.8,S
2021-07-19T13:44:04,8000.0,26.8,S
2021-07-19T13:44:04,200.0,26.8,S
2021-07-19T13:44:04,700.0,26.8,S
2021-07-19T13:44:04,3000.0,26.8,S
2021-07-19T13:44:04,2200.0,26.8,S
2021-07-19T13:44:04,40300.0,26.8,S
2021-07-19T13:44:04,1000.0,26.8,S
2021-07-19T13:44:04,3800.0,26.8,S
2021-07-19T13:44:04,300.0,26.8,S
2021-07-19T13:44:04,10100.0,26.8,S
2021-07-19T13:44:04,2100.0,26.8,S
2021-07-19T13:44:04,100.0,26.8,S
2021-07-19T13:44:04,200.0,26.8,S
2021-07-19T13:44:04,700.0,26.8,S
2021-07-19T13:44:04,6400.0,26.8,S
2021-07-19T13:44:04,100.0,26.85,S
2021-07-19T13:44:04,800.0,26.85,S
2021-07-19T13:44:04,200.0,26.85,S
2021-07-19T13:44:04,3800.0,26.9,S
2021-07-19T13:44:04,500.0,26.9,S
2021-07-19T13:44:04,300.0,26.9,S
2021-07-19T13:44:04,800.0,26.9,S
2021-07-19T13:44:04,600.0,26.9,S
2021-07-19T13:44:04,1500.0,26.9,S
2021-07-19T13:44:04,100.0,26.9,S
2021-07-19T13:44:04,11200.0,26.9,S
2021-07-19T13:44:04,4200.0,26.9,S
2021-07-19T13:44:04,2600.0,26.9,S
2021-07-19T13:44:04,100.0,26.9,S
2021-07-19T13:44:04,500.0,26.9,S
2021-07-19T13:44:04,1300.0,26.9,S
2021-07-19T13:44:04,400.0,26.9,S
2021-07-19T13:44:04,1800.0,26.9,S
2021-07-19T13:44:04,32200.0,26.9,S
2021-07-19T13:44:04,1500.0,26.9,S
2021-07-19T13:44:04,10500.0,26.9,S
2021-07-19T13:44:04,25000.0,26.95,S
2021-07-19T13:44:03,15300.0,26.95,S
2021-07-19T13:44:03,3000.0,26.95,S
2021-07-19T13:44:02,1000.0,27.0,B
2021-07-19T13:44:01,3000.0,27.0,B
2021-07-19T13:44:01,100.0,26.95,S
2021-07-19T13:44:00,500.0,27.0,B
2021-07-19T13:44:00,100.0,27.0,B
2021-07-19T13:43:59,100.0,27.0,B
2021-07-19T13:43:59,7600.0,26.95,S
2021-07-19T13:43:59,4400.0,26.95,S
2021-07-19T13:43:59,200.0,27.0,B
2021-07-19T13:43:57,1000.0,27.0,B
2021-07-19T13:43:56,100.0,27.0,B
2021-07-19T13:43:56,800.0,26.95,S
2021-07-19T13:43:56,1000.0,26.95,S
2021-07-19T13:43:56,600.0,26.95,S
2021-07-19T13:43:56,300.0,26.95,S
2021-07-19T13:43:56,200.0,26.95,S
2021-07-19T13:43:56,600.0,26.95,S
2021-07-19T13:43:55,3400.0,26.95,S
2021-07-19T13:43:55,300.0,26.95,S
2021-07-19T13:43:55,1100.0,26.95,S
2021-07-19T13:43:55,600.0,26.95,S
2021-07-19T13:43:55,300.0,26.95,S
2021-07-19T13:43:55,200.0,26.95,S
2021-07-19T13:43:55,5700.0,26.95,S
2021-07-19T13:43:55,600.0,26.95,S
2021-07-19T13:43:55,1000.0,26.95,S
2021-07-19T13:43:55,1400.0,26.95,S
2021-07-19T13:43:55,1000.0,26.95,S
2021-07-19T13:43:54,600.0,26.95,S
2021-07-19T13:43:54,1000.0,26.95,S
2021-07-19T13:43:54,1500.0,26.95,S
2021-07-19T13:43:54,700.0,26.95,S
2021-07-19T13:43:54,900.0,26.95,S
2021-07-19T13:43:54,600.0,26.95,S
2021-07-19T13:43:54,1200.0,26.95,S
2021-07-19T13:43:54,600.0,27.0,B
2021-07-19T13:43:54,2200.0,27.0,B
2021-07-19T13:43:53,1500.0,27.0,B
2021-07-19T13:43:53,3600.0,27.0,B
2021-07-19T13:43:53,3800.0,26.95,S
2021-07-19T13:43:53,600.0,26.95,S
2021-07-19T13:43:53,600.0,26.95,S
2021-07-19T13:43:53,1000.0,26.95,S
2021-07-19T13:43:53,300.0,26.95,S
2021-07-19T13:43:53,300.0,26.95,S
2021-07-19T13:43:53,300.0,26.95,S
2021-07-19T13:43:53,1200.0,26.95,S
2021-07-19T13:43:53,1900.0,26.95,S
2021-07-19T13:43:52,400.0,26.95,S
2021-07-19T13:43:52,1200.0,26.95,S
2021-07-19T13:43:52,500.0,26.95,S
2021-07-19T13:43:52,2800.0,27.0,S
2021-07-19T13:43:52,25500.0,27.0,S
2021-07-19T13:43:52,1000.0,27.0,S
2021-07-19T13:43:52,11500.0,27.0,S
2021-07-19T13:43:52,2700.0,27.0,S
2021-07-19T13:43:52,1300.0,27.0,S
2021-07-19T13:43:52,300.0,27.0,S
2021-07-19T13:43:52,37100.0,27.0,S
2021-07-19T13:43:52,1700.0,27.0,S
2021-07-19T13:43:52,600.0,27.0,S
2021-07-19T13:43:52,200.0,27.0,S
2021-07-19T13:43:52,3900.0,27.0,S
2021-07-19T13:43:52,1000.0,27.0,S
2021-07-19T13:43:52,2200.0,27.0,S
2021-07-19T13:43:52,20100.0,27.0,S
2021-07-19T13:43:52,600.0,27.0,S
2021-07-19T13:43:52,6200.0,27.0,S
2021-07-19T13:43:52,5500.0,27.0,S
2021-07-19T13:43:52,700.0,27.0,S
2021-07-19T13:43:52,5900.0,27.0,S
2021-07-19T13:43:52,1200.0,27.0,S
2021-07-19T13:43:52,2000.0,27.0,S
2021-07-19T13:43:52,1000.0,27.0,S
2021-07-19T13:43:52,600.0,27.0,S
2021-07-19T13:43:52,2400.0,27.0,S
2021-07-19T13:43:52,21000.0,27.0,S
2021-07-19T13:43:52,11500.0,27.0,S
2021-07-19T13:43:52,500.0,27.0,S
2021-07-19T13:43:52,2200.0,27.0,S
2021-07-19T13:43:52,500.0,27.0,S
2021-07-19T13:43:52,1400.0,27.0,S
2021-07-19T13:43:52,2400.0,27.0,S
2021-07-19T13:43:52,2600.0,27.0,S
2021-07-19T13:43:52,200.0,27.0,S
2021-07-19T13:43:52,1000.0,27.0,S
2021-07-19T13:43:52,6000.0,27.0,S
2021-07-19T13:43:52,4000.0,27.0,S
2021-07-19T13:43:52,200.0,27.0,S
2021-07-19T13:43:52,2600.0,27.0,S
2021-07-19T13:43:52,100.0,27.0,S
2021-07-19T13:43:52,1400.0,27.0,S
2021-07-19T13:43:52,10500.0,27.0,S
2021-07-19T13:43:52,3100.0,27.0,S
2021-07-19T13:43:52,1200.0,27.0,S
2021-07-19T13:43:52,100.0,27.0,S
2021-07-19T13:43:52,2900.0,27.0,S
2021-07-19T13:43:52,1700.0,27.0,S
2021-07-19T13:43:52,700.0,27.0,S
2021-07-19T13:43:52,11800.0,27.0,S
2021-07-19T13:43:52,300.0,27.0,S
2021-07-19T13:43:52,93800.0,27.0,S
2021-07-19T13:43:52,300.0,27.0,S
2021-07-19T13:43:52,1500.0,27.0,S
2021-07-19T13:43:52,300.0,27.0,S
2021-07-19T13:43:52,200.0,27.0,S
2021-07-19T13:43:52,2000.0,27.0,S
2021-07-19T13:43:51,1000.0,27.0,S
2021-07-19T13:43:51,600.0,27.0,S
2021-07-19T13:43:51,1100.0,27.0,S
2021-07-19T13:43:51,200.0,27.0,S
2021-07-19T13:43:51,100.0,27.0,S
2021-07-19T13:43:51,600.0,27.0,S
2021-07-19T13:43:51,3600.0,27.0,S
2021-07-19T13:43:51,1000.0,27.0,S
2021-07-19T13:43:51,300.0,27.0,S
2021-07-19T13:43:51,300.0,27.0,S
2021-07-19T13:43:51,900.0,27.0,S
2021-07-19T13:43:51,1400.0,27.0,S
2021-07-19T13:43:51,1000.0,27.0,S
2021-07-19T13:43:51,3000.0,27.0,S
2021-07-19T13:43:50,1800.0,27.0,S
2021-07-19T13:43:50,900.0,27.0,S
2021-07-19T13:43:50,700.0,27.0,S
2021-07-19T13:43:50,300.0,27.0,S
2021-07-19T13:43:50,300.0,27.0,S
2021-07-19T13:43:49,4100.0,27.0,S
2021-07-19T13:43:49,1200.0,27.0,S
2021-07-19T13:43:49,500.0,27.0,S
2021-07-19T13:43:49,1200.0,27.0,S
2021-07-19T13:43:49,300.0,27.0,S
2021-07-19T13:43:49,3000.0,27.0,S
2021-07-19T13:43:49,300.0,27.0,S
2021-07-19T13:43:49,400.0,27.0,S
2021-07-19T13:43:49,700.0,27.0,S
2021-07-19T13:43:49,500.0,27.0,S
2021-07-19T13:43:49,3000.0,27.0,S
2021-07-19T13:43:49,1700.0,27.0,S
2021-07-19T13:43:49,1700.0,27.0,S
2021-07-19T13:43:48,800.0,27.0,S
2021-07-19T13:43:48,500.0,27.0,S
2021-07-19T13:43:48,4400.0,27.0,S
2021-07-19T13:43:48,300.0,27.0,S
2021-07-19T13:43:48,300.0,27.0,S
2021-07-19T13:43:48,1000.0,27.05,B
2021-07-19T13:43:48,1400.0,27.0,S
2021-07-19T13:43:47,1300.0,27.0,S
2021-07-19T13:43:47,2000.0,27.0,S
2021-07-19T13:43:47,1000.0,27.0,S
2021-07-19T13:43:47,300.0,27.0,S
2021-07-19T13:43:47,3400.0,27.0,S
2021-07-19T13:43:47,300.0,27.0,S
2021-07-19T13:43:47,300.0,27.0,S
2021-07-19T13:43:47,10600.0,27.0,S
2021-07-19T13:43:47,1000.0,27.0,S
2021-07-19T13:43:47,400.0,27.0,S
2021-07-19T13:43:47,600.0,27.0,S
2021-07-19T13:43:47,900.0,27.0,S
2021-07-19T13:43:47,300.0,27.0,S
2021-07-19T13:43:47,100.0,27.05,B
2021-07-19T13:43:46,2600.0,27.0,S
2021-07-19T13:43:46,700.0,27.0,S
2021-07-19T13:43:46,3000.0,27.0,S
2021-07-19T13:43:46,2900.0,27.0,S
2021-07-19T13:43:46,1100.0,27.05,B
2021-07-19T13:43:46,2500.0,27.0,S
2021-07-19T13:43:46,800.0,27.0,S
2021-07-19T13:43:46,19700.0,27.0,S
2021-07-19T13:43:46,800.0,27.0,S
2021-07-19T13:43:46,1400.0,27.0,S
2021-07-19T13:43:46,2300.0,27.0,S
2021-07-19T13:43:46,7500.0,27.0,S
2021-07-19T13:43:46,300.0,27.0,S
2021-07-19T13:43:46,1000.0,27.0,S
2021-07-19T13:43:46,300.0,27.0,S
2021-07-19T13:43:46,4100.0,27.0,S
2021-07-19T13:43:46,1100.0,27.0,S
2021-07-19T13:43:46,100.0,27.0,S
2021-07-19T13:43:46,2400.0,27.0,S
2021-07-19T13:43:46,20300.0,27.0,S
2021-07-19T13:43:46,2200.0,27.0,S
2021-07-19T13:43:46,400.0,27.0,S
2021-07-19T13:43:46,2000.0,27.0,S
2021-07-19T13:43:46,100.0,27.0,S
2021-07-19T13:43:46,600.0,27.0,S
2021-07-19T13:43:46,1100.0,27.0,S
2021-07-19T13:43:46,20300.0,27.0,S
2021-07-19T13:43:46,20100.0,27.0,S
2021-07-19T13:43:46,300.0,27.0,S
2021-07-19T13:43:46,500.0,27.0,S
2021-07-19T13:43:46,2500.0,27.0,S
2021-07-19T13:43:46,600.0,27.0,S
2021-07-19T13:43:46,100.0,27.0,S
2021-07-19T13:43:46,1600.0,27.0,S
2021-07-19T13:43:46,1300.0,27.0,S
2021-07-19T13:43:46,7400.0,27.0,S
2021-07-19T13:43:46,900.0,27.0,S
2021-07-19T13:43:46,200.0,27.0,S
2021-07-19T13:43:46,200.0,27.0,S
2021-07-19T13:43:46,1400.0,27.0,S
2021-07-19T13:43:46,4200.0,27.0,S
2021-07-19T13:43:46,4600.0,27.0,S
2021-07-19T13:43:46,1600.0,27.0,S
2021-07-19T13:43:46,20500.0,27.0,S
2021-07-19T13:43:46,600.0,27.0,S
2021-07-19T13:43:46,200.0,27.0,S
2021-07-19T13:43:46,400.0,27.0,S
2021-07-19T13:43:46,6400.0,27.0,S
2021-07-19T13:43:46,200.0,27.0,S
2021-07-19T13:43:46,100.0,27.0,S
2021-07-19T13:43:46,2000.0,27.0,S
2021-07-19T13:43:46,3000.0,27.0,S
2021-07-19T13:43:46,6600.0,27.0,S
2021-07-19T13:43:46,100.0,27.0,S
2021-07-19T13:43:46,1500.0,27.0,S
2021-07-19T13:43:46,200.0,27.0,S
2021-07-19T13:43:46,24600.0,27.0,S
2021-07-19T13:43:46,200.0,27.0,S
2021-07-19T13:43:46,5400.0,27.0,S
2021-07-19T13:43:46,100.0,27.0,S
2021-07-19T13:43:46,4000.0,27.0,S
2021-07-19T13:43:46,1500.0,27.0,S
2021-07-19T13:43:46,76900.0,27.0,S
2021-07-19T13:43:46,2100.0,27.0,S
2021-07-19T13:43:46,1800.0,27.0,S
2021-07-19T13:43:45,1600.0,27.0,S
2021-07-19T13:43:45,1000.0,27.0,S
2021-07-19T13:43:45,600.0,27.0,S
2021-07-19T13:43:45,1600.0,27.0,S
2021-07-19T13:43:45,11000.0,27.0,S
2021-07-19T13:43:45,11000.0,27.0,S
2021-07-19T13:43:45,800.0,27.0,S
2021-07-19T13:43:45,300.0,27.0,S
2021-07-19T13:43:45,10500.0,27.0,S
2021-07-19T13:43:45,2100.0,27.0,S
2021-07-19T13:43:45,4400.0,27.0,S
2021-07-19T13:43:45,2300.0,27.0,S
2021-07-19T13:43:45,1100.0,27.0,S
2021-07-19T13:43:45,1200.0,27.0,S
2021-07-19T13:43:45,24500.0,27.0,S
2021-07-19T13:43:45,30800.0,27.0,S
2021-07-19T13:43:45,1500.0,27.0,S
2021-07-19T13:43:45,3200.0,27.0,S
2021-07-19T13:43:45,1100.0,27.0,S
2021-07-19T13:43:45,1500.0,27.0,S
2021-07-19T13:43:45,1100.0,27.0,S
2021-07-19T13:43:45,4400.0,27.0,S
2021-07-19T13:43:45,5000.0,27.0,S
2021-07-19T13:43:45,400.0,27.0,S
2021-07-19T13:43:45,1200.0,27.0,S
2021-07-19T13:43:45,106100.0,27.0,S
2021-07-19T13:43:44,300.0,27.0,S
2021-07-19T13:43:44,3400.0,27.0,S
2021-07-19T13:43:44,1200.0,27.0,S
2021-07-19T13:43:44,800.0,27.0,S
2021-07-19T13:43:43,11800.0,27.0,S
2021-07-19T13:43:42,10000.0,27.0,S
2021-07-19T13:43:42,2000.0,27.0,S
2021-07-19T13:43:42,1000.0,27.05,B
2021-07-19T13:43:41,100.0,27.0,S
2021-07-19T13:43:41,1900.0,27.0,S
2021-07-19T13:43:41,13800.0,27.0,S
2021-07-19T13:43:41,300.0,27.0,S
2021-07-19T13:43:41,13900.0,27.0,S
2021-07-19T13:43:41,100.0,27.0,S
2021-07-19T13:43:40,5000.0,27.0,S
2021-07-19T13:43:40,3000.0,27.05,B
2021-07-19T13:43:39,2100.0,27.0,S
2021-07-19T13:43:39,7900.0,27.0,S
2021-07-19T13:43:38,3000.0,27.0,S
2021-07-19T13:43:38,100.0,27.05,B
2021-07-19T13:43:38,86000.0,27.0,S
2021-07-19T13:43:38,5000.0,27.0,S
2021-07-19T13:43:37,1000.0,27.05,B
2021-07-19T13:43:35,1000.0,27.0,S
2021-07-19T13:43:33,2000.0,27.05,B
2021-07-19T13:43:33,800.0,27.05,B
2021-07-19T13:43:31,3000.0,27.0,S
2021-07-19T13:43:30,1000.0,27.05,B
2021-07-19T13:43:30,400.0,27.05,B
2021-07-19T13:43:27,3000.0,27.05,B
2021-07-19T13:43:25,1500.0,27.0,S
2021-07-19T13:43:25,100.0,27.05,B
2021-07-19T13:43:24,200.0,27.05,B
2021-07-19T13:43:24,300.0,27.05,B
2021-07-19T13:43:22,100.0,27.05,B
2021-07-19T13:43:21,600.0,27.05,B
2021-07-19T13:43:20,78900.0,27.0,S
2021-07-19T13:43:20,1100.0,27.0,S
2021-07-19T13:43:20,1000.0,27.05,S
2021-07-19T13:43:18,1100.0,27.05,S
2021-07-19T13:43:17,400.0,27.05,S
2021-07-19T13:43:17,2000.0,27.05,S
2021-07-19T13:43:15,25300.0,27.05,B
2021-07-19T13:43:14,500.0,27.05,B
2021-07-19T13:43:11,100.0,27.05,S
2021-07-19T13:43:08,22600.0,27.0,S
2021-07-19T13:43:08,1500.0,27.0,S
2021-07-19T13:43:08,50900.0,27.0,S
2021-07-19T13:43:08,200.0,27.0,S
2021-07-19T13:43:08,100500.0,27.0,S
2021-07-19T13:43:08,200000.0,27.0,S
2021-07-19T13:43:08,1100.0,27.0,S
2021-07-19T13:43:08,2300.0,27.0,S
2021-07-19T13:43:08,3300.0,27.0,S
2021-07-19T13:43:08,1700.0,27.0,S
2021-07-19T13:43:08,3000.0,27.0,S
2021-07-19T13:43:08,15100.0,27.0,S
2021-07-19T13:43:08,800.0,27.0,S
2021-07-19T13:43:08,200.0,27.0,S
2021-07-19T13:43:08,500.0,27.0,S
2021-07-19T13:43:08,5400.0,27.0,S
2021-07-19T13:43:08,2100.0,27.0,S
2021-07-19T13:43:08,100.0,27.0,S
2021-07-19T13:43:08,700.0,27.0,S
2021-07-19T13:43:08,1400.0,27.0,S
2021-07-19T13:43:08,1600.0,27.0,S
2021-07-19T13:43:08,17100.0,27.0,S
2021-07-19T13:43:08,3100.0,27.0,S
2021-07-19T13:43:08,300.0,27.0,S
2021-07-19T13:43:08,2200.0,27.0,S
2021-07-19T13:43:08,2000.0,27.0,S
2021-07-19T13:43:08,60300.0,27.0,S
2021-07-19T13:43:06,4400.0,27.05,S
2021-07-19T13:43:05,500.0,27.05,S
2021-07-19T13:43:05,100.0,27.05,S
2021-07-19T13:43:02,500.0,27.05,S
2021-07-19T13:43:02,2000.0,27.05,S
2021-07-19T13:43:01,1500.0,27.05,S
2021-07-19T13:43:01,900.0,27.05,B
2021-07-19T13:42:59,500.0,27.05,B
2021-07-19T13:42:58,300.0,27.05,B
2021-07-19T13:42:56,300.0,27.0,S
2021-07-19T13:42:56,5000.0,27.05,B
2021-07-19T13:42:55,3000.0,27.0,S
2021-07-19T13:42:54,100.0,27.05,B
2021-07-19T13:42:50,500.0,27.05,B
2021-07-19T13:42:49,500.0,27.05,B
2021-07-19T13:42:49,300.0,27.05,B
2021-07-19T13:42:46,9400.0,27.0,S
2021-07-19T13:42:46,100.0,27.05,B
2021-07-19T13:42:45,500.0,27.05,B
2021-07-19T13:42:45,1000.0,27.0,S
2021-07-19T13:42:45,100.0,27.05,B
2021-07-19T13:42:45,100.0,27.05,B
2021-07-19T13:42:39,100.0,27.05,B
2021-07-19T13:42:39,1000.0,27.05,B
2021-07-19T13:42:37,100.0,27.05,B
2021-07-19T13:42:36,100.0,27.05,B
2021-07-19T13:42:34,7600.0,27.0,S
2021-07-19T13:42:33,7100.0,27.1,S
2021-07-19T13:42:32,1000.0,27.1,S
2021-07-19T13:42:31,3600.0,27.1,S
2021-07-19T13:42:31,2500.0,27.1,S
2021-07-19T13:42:30,1000.0,27.1,S
2021-07-19T13:42:30,182300.0,27.0,S
2021-07-19T13:42:30,2200.0,27.0,S
2021-07-19T13:42:30,11000.0,27.0,S
2021-07-19T13:42:30,28800.0,27.0,S
2021-07-19T13:42:30,1000.0,27.0,S
2021-07-19T13:42:30,9000.0,27.0,S
2021-07-19T13:42:30,4000.0,27.0,S
2021-07-19T13:42:30,1400.0,27.0,S
2021-07-19T13:42:30,200.0,27.0,S
2021-07-19T13:42:30,200.0,27.0,S
2021-07-19T13:42:30,10500.0,27.0,S
2021-07-19T13:42:30,1200.0,27.05,S
2021-07-19T13:42:30,1000.0,27.05,S
2021-07-19T13:42:30,25600.0,27.05,S
2021-07-19T13:42:30,1200.0,27.05,S
2021-07-19T13:42:30,900.0,27.05,S
2021-07-19T13:42:30,2000.0,27.05,S
2021-07-19T13:42:30,1500.0,27.05,S
2021-07-19T13:42:30,1800.0,27.05,S
2021-07-19T13:42:30,100600.0,27.05,S
2021-07-19T13:42:30,1300.0,27.05,S
2021-07-19T13:42:30,108700.0,27.05,S
2021-07-19T13:42:30,3600.0,27.1,S
2021-07-19T13:42:29,1500.0,27.1,S
2021-07-19T13:42:29,900.0,27.1,S
2021-07-19T13:42:28,1000.0,27.1,S
2021-07-19T13:42:28,400.0,27.1,S
2021-07-19T13:42:27,500.0,27.1,B
2021-07-19T13:42:27,1000.0,27.1,B
2021-07-19T13:42:27,10600.0,27.1,B
2021-07-19T13:42:27,7000.0,27.1,B
2021-07-19T13:42:27,1800.0,27.1,B
2021-07-19T13:42:27,2000.0,27.05,S
2021-07-19T13:42:26,500.0,27.1,B
2021-07-19T13:42:25,4000.0,27.05,S
2021-07-19T13:42:24,6700.0,27.05,S
2021-07-19T13:42:24,23300.0,27.05,S
2021-07-19T13:42:22,200.0,27.1,B
2021-07-19T13:42:19,100.0,27.1,B
2021-07-19T13:42:19,100.0,27.1,B
2021-07-19T13:42:18,3900.0,27.1,S
2021-07-19T13:42:17,1000.0,27.1,S
2021-07-19T13:42:16,3800.0,27.1,S
2021-07-19T13:42:16,3600.0,27.1,S
2021-07-19T13:42:14,1000.0,27.15,B
2021-07-19T13:42:12,1000.0,27.1,S
2021-07-19T13:42:11,1000.0,27.1,S
2021-07-19T13:42:10,1000.0,27.1,S
2021-07-19T13:42:10,7000.0,27.1,S
2021-07-19T13:42:09,500.0,27.1,S
2021-07-19T13:42:08,300.0,27.1,S
2021-07-19T13:42:07,1000.0,27.15,B
2021-07-19T13:42:07,600.0,27.1,S
2021-07-19T13:42:07,1000.0,27.1,S
2021-07-19T13:42:05,2000.0,27.1,S
2021-07-19T13:42:04,1000.0,27.1,S
2021-07-19T13:42:03,3900.0,27.1,B
2021-07-19T13:42:03,300.0,27.1,B
2021-07-19T13:42:03,500.0,27.1,B
2021-07-19T13:42:02,200.0,27.05,S
2021-07-19T13:42:01,1000.0,27.1,B
2021-07-19T13:41:57,2000.0,27.05,S
2021-07-19T13:41:56,500.0,27.1,B
2021-07-19T13:41:54,1000.0,27.1,B
2021-07-19T13:41:52,100.0,27.1,B
2021-07-19T13:41:52,1000.0,27.1,B
2021-07-19T13:41:49,100.0,27.1,B
2021-07-19T13:41:48,300.0,27.1,B
2021-07-19T13:41:48,400.0,27.1,B
2021-07-19T13:41:45,500.0,27.1,S
2021-07-19T13:41:44,4700.0,27.1,B
2021-07-19T13:41:44,500.0,27.1,B
2021-07-19T13:41:42,1100.0,27.1,S
2021-07-19T13:41:42,1300.0,27.1,S
2021-07-19T13:41:42,10800.0,27.1,S
2021-07-19T13:41:42,900.0,27.1,S
2021-07-19T13:41:42,101200.0,27.1,S
2021-07-19T13:41:42,3700.0,27.1,S
2021-07-19T13:41:42,8000.0,27.1,S
2021-07-19T13:41:42,5800.0,27.1,S
2021-07-19T13:41:42,1000.0,27.1,S
2021-07-19T13:41:42,1700.0,27.1,S
2021-07-19T13:41:42,600.0,27.1,S
2021-07-19T13:41:42,35200.0,27.1,S
2021-07-19T13:41:42,8200.0,27.1,S
2021-07-19T13:41:42,2000.0,27.1,S
2021-07-19T13:41:42,66800.0,27.1,S
2021-07-19T13:41:42,1000.0,27.15,B
2021-07-19T13:41:41,3000.0,27.1,S
2021-07-19T13:41:40,500.0,27.15,B
2021-07-19T13:41:36,300.0,27.1,S
2021-07-19T13:41:33,2000.0,27.1,S
2021-07-19T13:41:32,500.0,27.15,B
2021-07-19T13:41:32,4000.0,27.1,S
2021-07-19T13:41:29,1000.0,27.15,B
2021-07-19T13:41:26,6200.0,27.1,S
2021-07-19T13:41:24,1400.0,27.15,S
2021-07-19T13:41:24,2400.0,27.15,S
2021-07-19T13:41:24,500.0,27.15,S
2021-07-19T13:41:24,300.0,27.15,S
2021-07-19T13:41:24,3900.0,27.15,S
2021-07-19T13:41:24,100.0,27.15,S
2021-07-19T13:41:23,31200.0,27.15,S
2021-07-19T13:41:22,23500.0,27.15,S
2021-07-19T13:41:22,2700.0,27.15,S
2021-07-19T13:41:22,900.0,27.15,S
2021-07-19T13:41:22,1800.0,27.15,S
2021-07-19T13:41:22,500.0,27.15,S
2021-07-19T13:41:22,500.0,27.15,S
2021-07-19T13:41:22,2500.0,27.15,S
2021-07-19T13:41:22,1200.0,27.15,S
2021-07-19T13:41:22,1400.0,27.15,S
2021-07-19T13:41:22,1800.0,27.15,S
2021-07-19T13:41:22,500.0,27.15,S
2021-07-19T13:41:22,400.0,27.15,S
2021-07-19T13:41:22,1900.0,27.15,S
2021-07-19T13:41:22,2000.0,27.15,S
2021-07-19T13:41:22,4000.0,27.15,S
2021-07-19T13:41:22,2500.0,27.15,S
2021-07-19T13:41:22,1900.0,27.15,S
2021-07-19T13:41:21,3600.0,27.15,S
2021-07-19T13:41:21,200.0,27.2,B
2021-07-19T13:41:19,7500.0,27.15,S
2021-07-19T13:41:18,4000.0,27.15,S
2021-07-19T13:41:18,10400.0,27.15,S
2021-07-19T13:41:18,1000.0,27.15,S
2021-07-19T13:41:17,4300.0,27.15,S
2021-07-19T13:41:16,3000.0,27.15,S
2021-07-19T13:41:12,1000.0,27.2,B
2021-07-19T13:41:09,3600.0,27.15,S
2021-07-19T13:41:08,1500.0,27.15,S
2021-07-19T13:41:07,1000.0,27.15,S
2021-07-19T13:41:05,2000.0,27.15,S
2021-07-19T13:41:04,1800.0,27.15,S
2021-07-19T13:41:03,500.0,27.15,S
2021-07-19T13:41:03,3000.0,27.15,S
2021-07-19T13:41:01,11200.0,27.15,S
2021-07-19T13:40:57,200.0,27.15,S
2021-07-19T13:40:56,1200.0,27.15,S
2021-07-19T13:40:55,4000.0,27.15,S
2021-07-19T13:40:53,2500.0,27.15,S
2021-07-19T13:40:52,1000.0,27.15,S
2021-07-19T13:40:52,2700.0,27.15,S
2021-07-19T13:40:51,200.0,27.15,S
2021-07-19T13:40:50,5500.0,27.15,S
2021-07-19T13:40:50,600.0,27.15,S
2021-07-19T13:40:50,1000.0,27.15,S
2021-07-19T13:40:50,15000.0,27.15,S
2021-07-19T13:40:49,300.0,27.15,S
2021-07-19T13:40:49,500.0,27.2,B
2021-07-19T13:40:47,1000.0,27.15,S
2021-07-19T13:40:45,300.0,27.15,S
2021-07-19T13:40:44,1000.0,27.15,S
2021-07-19T13:40:40,100.0,27.15,S
2021-07-19T13:40:39,100.0,27.2,B
2021-07-19T13:40:38,700.0,27.15,S
2021-07-19T13:40:33,2000.0,27.15,S
2021-07-19T13:40:30,100.0,27.15,S
2021-07-19T13:40:30,200.0,27.15,S
2021-07-19T13:40:30,2000.0,27.15,S
2021-07-19T13:40:27,100.0,27.15,S
2021-07-19T13:40:25,1400.0,27.15,S
2021-07-19T13:40:24,100.0,27.2,B
2021-07-19T13:40:24,100.0,27.15,S
2021-07-19T13:40:21,1000.0,27.15,S
2021-07-19T13:40:17,200.0,27.2,B
2021-07-19T13:40:15,1000.0,27.15,S
2021-07-19T13:40:13,200.0,27.15,S
2021-07-19T13:40:13,100.0,27.15,S
2021-07-19T13:40:13,1000.0,27.15,S
2021-07-19T13:40:10,1500.0,27.15,S
2021-07-19T13:40:09,100.0,27.15,S
2021-07-19T13:40:01,2000.0,27.15,S
2021-07-19T13:40:01,8900.0,27.15,S
2021-07-19T13:40:01,10000.0,27.15,S
2021-07-19T13:40:01,5000.0,27.15,S
2021-07-19T13:39:57,400.0,27.2,B
2021-07-19T13:39:56,5700.0,27.2,B
2021-07-19T13:39:54,700.0,27.15,S
2021-07-19T13:39:51,1000.0,27.2,B
2021-07-19T13:39:51,200.0,27.2,B
2021-07-19T13:39:49,500.0,27.2,B
2021-07-19T13:39:49,100.0,27.2,B
2021-07-19T13:39:48,1000.0,27.15,S
2021-07-19T13:39:46,1100.0,27.15,S
2021-07-19T13:39:45,20400.0,27.15,S
2021-07-19T13:39:45,700.0,27.15,S
2021-07-19T13:39:44,300.0,27.2,B
2021-07-19T13:39:39,600.0,27.15,S
2021-07-19T13:39:37,20000.0,27.15,S
2021-07-19T13:39:37,400.0,27.2,B
2021-07-19T13:39:29,500.0,27.2,B
2021-07-19T13:39:29,100.0,27.2,B
2021-07-19T13:39:28,200.0,27.2,B
2021-07-19T13:39:27,500.0,27.15,S
2021-07-19T13:39:26,2000.0,27.2,B
2021-07-19T13:39:22,400.0,27.15,S
2021-07-19T13:39:22,500.0,27.2,B
2021-07-19T13:39:21,100.0,27.15,S
2021-07-19T13:39:18,100.0,27.2,B
2021-07-19T13:39:16,400.0,27.2,B
2021-07-19T13:39:14,1000.0,27.2,B
2021-07-19T13:39:14,100.0,27.15,S
2021-07-19T13:39:12,700.0,27.15,S
2021-07-19T13:39:10,200.0,27.15,S
2021-07-19T13:39:10,500.0,27.2,B
2021-07-19T13:39:10,100.0,27.2,B
2021-07-19T13:39:04,2000.0,27.2,B
2021-07-19T13:39:02,49900.0,27.2,B
2021-07-19T13:39:02,800.0,27.15,S
2021-07-19T13:39:01,1000.0,27.15,S
2021-07-19T13:38:57,100.0,27.2,B
2021-07-19T13:38:55,200.0,27.15,S
2021-07-19T13:38:55,20000.0,27.15,S
2021-07-19T13:38:55,10000.0,27.15,S
2021-07-19T13:38:53,10000.0,27.2,B
2021-07-19T13:38:52,12200.0,27.2,B
2021-07-19T13:38:52,2300.0,27.2,B
2021-07-19T13:38:52,2000.0,27.2,B
2021-07-19T13:38:52,8500.0,27.2,B
2021-07-19T13:38:51,10000.0,27.15,S
2021-07-19T13:38:51,11500.0,27.2,B
2021-07-19T13:38:50,500.0,27.2,B
2021-07-19T13:38:48,200.0,27.2,B
2021-07-19T13:38:44,300.0,27.2,B
2021-07-19T13:38:43,400.0,27.2,B
2021-07-19T13:38:43,500.0,27.2,B
2021-07-19T13:38:42,200.0,27.2,B
2021-07-19T13:38:39,100.0,27.2,B
2021-07-19T13:38:39,5000.0,27.2,B
2021-07-19T13:38:39,20000.0,27.15,S
2021-07-19T13:38:36,400.0,27.15,S
2021-07-19T13:38:35,100.0,27.2,B
2021-07-19T13:38:30,500.0,27.2,B
2021-07-19T13:38:26,2200.0,27.2,B
2021-07-19T13:38:25,6300.0,27.2,B
2021-07-19T13:38:25,500.0,27.2,B
2021-07-19T13:38:25,13200.0,27.2,B
2021-07-19T13:38:25,500.0,27.2,B
2021-07-19T13:38:24,500.0,27.2,B
2021-07-19T13:38:24,100.0,27.2,B
2021-07-19T13:38:23,10000.0,27.15,S
2021-07-19T13:38:23,400.0,27.2,B
2021-07-19T13:38:21,5000.0,27.2,B
2021-07-19T13:38:17,500.0,27.2,B
2021-07-19T13:38:16,300.0,27.2,B
2021-07-19T13:38:16,17500.0,27.2,S
2021-07-19T13:38:12,12900.0,27.2,B
2021-07-19T13:38:12,100.0,27.2,B
2021-07-19T13:38:10,3000.0,27.2,B
2021-07-19T13:38:10,100.0,27.2,B
2021-07-19T13:38:10,400.0,27.2,B
2021-07-19T13:38:10,2600.0,27.2,S
2021-07-19T13:38:10,1400.0,27.2,S
2021-07-19T13:38:01,4000.0,27.2,S
2021-07-19T13:37:58,7700.0,27.2,S
2021-07-19T13:37:58,3500.0,27.2,S
2021-07-19T13:37:58,100.0,27.2,S
2021-07-19T13:37:58,11200.0,27.2,S
2021-07-19T13:37:58,5800.0,27.2,S
2021-07-19T13:37:58,1700.0,27.2,S
2021-07-19T13:37:56,1000.0,27.2,S
2021-07-19T13:37:52,100.0,27.2,S
2021-07-19T13:37:47,2000.0,27.2,S
2021-07-19T13:37:44,100.0,27.25,B
2021-07-19T13:37:43,5000.0,27.2,S
2021-07-19T13:37:43,500.0,27.25,B
2021-07-19T13:37:41,300.0,27.25,S
2021-07-19T13:37:41,200.0,27.25,S
2021-07-19T13:37:36,1900.0,27.2,S
2021-07-19T13:37:34,100.0,27.25,S
2021-07-19T13:37:34,500.0,27.25,S
2021-07-19T13:37:32,1200.0,27.25,S
2021-07-19T13:37:32,2000.0,27.25,B
2021-07-19T13:37:27,500.0,27.2,S
2021-07-19T13:37:27,3000.0,27.2,S
2021-07-19T13:37:25,2000.0,27.2,S
2021-07-19T13:37:25,10000.0,27.2,S
2021-07-19T13:37:24,1000.0,27.2,S
2021-07-19T13:37:22,400.0,27.2,S
2021-07-19T13:37:22,900.0,27.2,S
2021-07-19T13:37:22,4100.0,27.25,S
2021-07-19T13:37:19,900.0,27.25,B
2021-07-19T13:37:19,1000.0,27.25,B
2021-07-19T13:37:17,400.0,27.2,S
2021-07-19T13:37:17,100.0,27.25,B
2021-07-19T13:37:16,400.0,27.25,B
2021-07-19T13:37:14,10000.0,27.25,B
2021-07-19T13:37:11,200.0,27.25,B
2021-07-19T13:37:10,500.0,27.25,B
2021-07-19T13:37:09,200.0,27.25,B
2021-07-19T13:37:09,200.0,27.25,B
2021-07-19T13:37:05,23000.0,27.2,S
2021-07-19T13:37:04,2000.0,27.25,S
2021-07-19T13:37:04,12900.0,27.25,S
2021-07-19T13:37:03,1000.0,27.25,S
2021-07-19T13:37:02,500.0,27.3,B
2021-07-19T13:37:02,2000.0,27.3,B
2021-07-19T13:37:02,1000.0,27.3,B
2021-07-19T13:36:59,3000.0,27.25,S
2021-07-19T13:36:56,5500.0,27.25,S
2021-07-19T13:36:51,300.0,27.25,S
2021-07-19T13:36:51,700.0,27.25,S
2021-07-19T13:36:50,1000.0,27.25,S
2021-07-19T13:36:44,600.0,27.25,S
2021-07-19T13:36:43,100.0,27.3,B
2021-07-19T13:36:43,400.0,27.3,B
2021-07-19T13:36:43,100.0,27.3,B
2021-07-19T13:36:40,200.0,27.3,B
2021-07-19T13:36:39,100.0,27.3,B
2021-07-19T13:36:35,400.0,27.3,B
2021-07-19T13:36:32,900.0,27.3,S
2021-07-19T13:36:31,8000.0,27.3,S
2021-07-19T13:36:31,100.0,27.3,S
2021-07-19T13:36:29,100.0,27.4,B
2021-07-19T13:36:29,200.0,27.3,B
2021-07-19T13:36:29,200.0,27.3,B
2021-07-19T13:36:29,100.0,27.1,S
2021-07-19T13:36:29,2000.0,27.1,S
2021-07-19T13:36:29,103700.0,27.1,S
2021-07-19T13:36:29,600.0,27.1,S
2021-07-19T13:36:29,5400.0,27.1,S
2021-07-19T13:36:29,300.0,27.1,S
2021-07-19T13:36:29,2100.0,27.1,S
2021-07-19T13:36:29,100.0,27.1,S
2021-07-19T13:36:29,800.0,27.1,S
2021-07-19T13:36:29,5300.0,27.1,S
2021-07-19T13:36:29,10100.0,27.1,S
2021-07-19T13:36:29,10100.0,27.1,S
2021-07-19T13:36:29,3000.0,27.1,S
2021-07-19T13:36:29,2400.0,27.1,S
2021-07-19T13:36:29,100.0,27.1,S
2021-07-19T13:36:29,4800.0,27.1,S
2021-07-19T13:36:29,1200.0,27.1,S
2021-07-19T13:36:29,200.0,27.1,S
2021-07-19T13:36:29,4500.0,27.1,S
2021-07-19T13:36:29,11500.0,27.1,S
2021-07-19T13:36:29,300.0,27.1,S
2021-07-19T13:36:29,1000.0,27.1,S
2021-07-19T13:36:29,24900.0,27.1,S
2021-07-19T13:36:29,300.0,27.1,S
2021-07-19T13:36:29,200.0,27.1,S
2021-07-19T13:36:29,1100.0,27.1,S
2021-07-19T13:36:29,6200.0,27.1,S
2021-07-19T13:36:29,1800.0,27.1,S
2021-07-19T13:36:29,10000.0,27.1,S
2021-07-19T13:36:29,60000.0,27.1,S
2021-07-19T13:36:29,500.0,27.1,S
2021-07-19T13:36:29,100.0,27.1,S
2021-07-19T13:36:29,500.0,27.1,S
2021-07-19T13:36:29,19100.0,27.1,S
2021-07-19T13:36:29,56300.0,27.15,S
2021-07-19T13:36:29,2100.0,27.15,S
2021-07-19T13:36:29,1000.0,27.15,S
2021-07-19T13:36:29,200.0,27.15,S
2021-07-19T13:36:29,1700.0,27.15,S
2021-07-19T13:36:29,300.0,27.15,S
2021-07-19T13:36:29,1000.0,27.2,S
2021-07-19T13:36:29,6500.0,27.2,S
2021-07-19T13:36:29,2000.0,27.2,S
2021-07-19T13:36:29,200.0,27.2,S
2021-07-19T13:36:29,20600.0,27.2,S
2021-07-19T13:36:29,600.0,27.2,S
2021-07-19T13:36:29,100.0,27.2,S
2021-07-19T13:36:29,1100.0,27.2,S
2021-07-19T13:36:29,4300.0,27.2,S
2021-07-19T13:36:29,6300.0,27.2,S
2021-07-19T13:36:29,10000.0,27.2,S
2021-07-19T13:36:29,1100.0,27.2,S
2021-07-19T13:36:29,3300.0,27.2,S
2021-07-19T13:36:29,5200.0,27.2,S
2021-07-19T13:36:29,900.0,27.2,S
2021-07-19T13:36:29,1600.0,27.2,S
2021-07-19T13:36:29,3900.0,27.25,S
2021-07-19T13:36:29,1000.0,27.25,S
2021-07-19T13:36:29,11300.0,27.25,S
2021-07-19T13:36:29,2300.0,27.25,S
2021-07-19T13:36:29,500.0,27.25,S
2021-07-19T13:36:29,1000.0,27.25,S
2021-07-19T13:36:29,6300.0,27.25,S
2021-07-19T13:36:27,19300.0,27.4,B
2021-07-19T13:36:27,600.0,27.35,B
2021-07-19T13:36:27,7000.0,27.35,B
2021-07-19T13:36:27,2500.0,27.35,B
2021-07-19T13:36:27,2100.0,27.35,B
2021-07-19T13:36:27,6100.0,27.35,B
2021-07-19T13:36:27,12400.0,27.35,B
2021-07-19T13:36:26,800.0,27.25,S
2021-07-19T13:36:25,500.0,27.3,S
2021-07-19T13:36:24,900.0,27.25,S
2021-07-19T13:36:24,900.0,27.25,S
2021-07-19T13:36:23,1500.0,27.25,S
2021-07-19T13:36:23,19500.0,27.25,S
2021-07-19T13:36:23,900.0,27.25,S
2021-07-19T13:36:23,700.0,27.25,S
2021-07-19T13:36:23,12900.0,27.25,S
2021-07-19T13:36:23,200.0,27.3,S
2021-07-19T13:36:19,1000.0,27.3,S
2021-07-19T13:36:19,700.0,27.3,S
2021-07-19T13:36:19,300.0,27.3,S
2021-07-19T13:36:17,100.0,27.3,S
2021-07-19T13:36:14,2700.0,27.3,S
2021-07-19T13:36:14,1000.0,27.3,S
2021-07-19T13:36:14,1000.0,27.3,S
2021-07-19T13:36:14,1500.0,27.3,S
2021-07-19T13:36:14,5600.0,27.3,S
2021-07-19T13:36:14,16300.0,27.3,S
2021-07-19T13:36:14,2600.0,27.3,S
2021-07-19T13:36:14,1200.0,27.3,S
2021-07-19T13:36:14,1200.0,27.3,S
2021-07-19T13:36:14,6800.0,27.3,S
2021-07-19T13:36:14,800.0,27.3,S
2021-07-19T13:36:14,2500.0,27.3,S
2021-07-19T13:36:14,500.0,27.3,S
2021-07-19T13:36:14,29300.0,27.3,S
2021-07-19T13:36:13,1200.0,27.3,S
2021-07-19T13:36:13,200.0,27.3,S
2021-07-19T13:36:11,300.0,27.3,S
2021-07-19T13:36:11,200.0,27.3,S
2021-07-19T13:36:11,1500.0,27.3,S
2021-07-19T13:36:08,5000.0,27.3,S
2021-07-19T13:36:01,5000.0,27.3,S
2021-07-19T13:35:59,200.0,27.3,S
2021-07-19T13:35:57,1000.0,27.35,B
2021-07-19T13:35:57,900.0,27.3,S
2021-07-19T13:35:54,4000.0,27.3,S
2021-07-19T13:35:51,200.0,27.35,B
2021-07-19T13:35:50,1000.0,27.3,S
2021-07-19T13:35:49,500.0,27.35,B
2021-07-19T13:35:47,3000.0,27.35,B
2021-07-19T13:35:43,400.0,27.35,B
2021-07-19T13:35:42,1700.0,27.35,S
2021-07-19T13:35:40,3000.0,27.35,B
2021-07-19T13:35:40,300.0,27.35,B
2021-07-19T13:35:39,900.0,27.35,B
2021-07-19T13:35:35,500.0,27.35,B
2021-07-19T13:35:34,1300.0,27.35,S
2021-07-19T13:35:32,2500.0,27.35,S
2021-07-19T13:35:32,500.0,27.35,S
2021-07-19T13:35:30,4000.0,27.35,S
2021-07-19T13:35:30,1000.0,27.35,S
2021-07-19T13:35:29,500.0,27.35,S
2021-07-19T13:35:29,300.0,27.35,S
2021-07-19T13:35:29,1100.0,27.35,S
2021-07-19T13:35:28,1000.0,27.35,S
2021-07-19T13:35:28,10000.0,27.4,B
2021-07-19T13:35:24,500.0,27.35,S
2021-07-19T13:35:24,700.0,27.35,S
2021-07-19T13:35:24,100.0,27.35,S
2021-07-19T13:35:22,20000.0,27.35,S
2021-07-19T13:35:17,1000.0,27.35,S
2021-07-19T13:35:13,100.0,27.35,S
2021-07-19T13:35:09,1500.0,27.35,S
2021-07-19T13:35:04,4500.0,27.35,B
2021-07-19T13:35:03,200.0,27.35,B
2021-07-19T13:35:03,900.0,27.35,B
2021-07-19T13:34:58,1100.0,27.3,S
2021-07-19T13:34:52,6600.0,27.3,S
2021-07-19T13:34:52,500.0,27.35,S
2021-07-19T13:34:52,5000.0,27.35,S
2021-07-19T13:34:52,7900.0,27.35,S
2021-07-19T13:34:52,1000.0,27.35,S
2021-07-19T13:34:51,1000.0,27.4,B
2021-07-19T13:34:48,1300.0,27.35,S
2021-07-19T13:34:46,100.0,27.35,S
2021-07-19T13:34:44,200.0,27.35,S
2021-07-19T13:34:43,100.0,27.35,S
2021-07-19T13:34:40,2000.0,27.35,S
2021-07-19T13:34:39,1500.0,27.35,S
2021-07-19T13:34:35,300.0,27.35,S
2021-07-19T13:34:35,12300.0,27.35,B
2021-07-19T13:34:35,500.0,27.35,B
2021-07-19T13:34:35,800.0,27.35,B
2021-07-19T13:34:35,600.0,27.35,B
2021-07-19T13:34:35,3900.0,27.35,B
2021-07-19T13:34:34,8000.0,27.3,S
2021-07-19T13:34:34,500.0,27.3,S
2021-07-19T13:34:34,1500.0,27.3,S
2021-07-19T13:34:33,50000.0,27.3,S
2021-07-19T13:34:31,100.0,27.3,S
2021-07-19T13:34:30,200.0,27.3,S
2021-07-19T13:34:28,100.0,27.3,S
2021-07-19T13:34:25,500.0,27.3,S
2021-07-19T13:34:25,500.0,27.3,S
2021-07-19T13:34:23,8400.0,27.3,B
2021-07-19T13:34:23,7100.0,27.3,B
2021-07-19T13:34:23,5000.0,27.3,B
2021-07-19T13:34:22,500.0,27.3,B
2021-07-19T13:34:21,500.0,27.3,B
2021-07-19T13:34:20,200.0,27.3,B
2021-07-19T13:34:17,300.0,27.3,B
2021-07-19T13:34:17,600.0,27.3,B
2021-07-19T13:34:17,200.0,27.3,B
2021-07-19T13:34:17,3900.0,27.3,B
2021-07-19T13:34:16,500.0,27.3,B
2021-07-19T13:34:15,5000.0,27.3,B
2021-07-19T13:34:08,1500.0,27.3,B
2021-07-19T13:34:05,1000.0,27.25,S
2021-07-19T13:34:04,10000.0,27.3,B
2021-07-19T13:34:03,1100.0,27.25,S
2021-07-19T13:34:03,500.0,27.3,B
2021-07-19T13:34:02,500.0,27.3,B
2021-07-19T13:33:57,100.0,27.3,B
2021-07-19T13:33:54,3000.0,27.25,S
2021-07-19T13:33:45,500.0,27.25,S
2021-07-19T13:33:45,500.0,27.3,B
2021-07-19T13:33:41,200.0,27.3,B
2021-07-19T13:33:40,800.0,27.25,S
2021-07-19T13:33:37,100.0,27.25,S
2021-07-19T13:33:36,1000.0,27.3,B
2021-07-19T13:33:35,1000.0,27.25,S
2021-07-19T13:33:27,100.0,27.25,S
2021-07-19T13:33:27,200.0,27.25,S
2021-07-19T13:33:24,300.0,27.3,B
2021-07-19T13:33:23,600.0,27.25,S
2021-07-19T13:33:16,9600.0,27.25,S
2021-07-19T13:33:16,400.0,27.25,S
2021-07-19T13:33:14,600.0,27.25,S
2021-07-19T13:33:12,1500.0,27.25,B
2021-07-19T13:33:09,500.0,27.25,B
2021-07-19T13:33:09,200.0,27.25,B
2021-07-19T13:33:08,300.0,27.25,B
2021-07-19T13:33:07,200.0,27.25,B
2021-07-19T13:33:06,5000.0,27.3,B
2021-07-19T13:33:05,200.0,27.25,B
2021-07-19T13:33:02,500.0,27.25,B
2021-07-19T13:33:00,100.0,27.25,B
2021-07-19T13:33:00,300.0,27.25,S
2021-07-19T13:33:00,400.0,27.25,S
2021-07-19T13:32:58,1000.0,27.25,S
2021-07-19T13:32:56,2600.0,27.25,S
2021-07-19T13:32:56,400.0,27.25,S
2021-07-19T13:32:56,400.0,27.25,S
2021-07-19T13:32:55,600.0,27.25,S
2021-07-19T13:32:54,100.0,27.25,S
2021-07-19T13:32:51,8200.0,27.25,S
2021-07-19T13:32:40,600.0,27.25,S
2021-07-19T13:32:40,500.0,27.3,B
2021-07-19T13:32:39,3000.0,27.3,B
2021-07-19T13:32:38,100.0,27.3,B
2021-07-19T13:32:36,600.0,27.3,B
2021-07-19T13:32:35,1000.0,27.3,B
2021-07-19T13:32:33,6000.0,27.3,B
2021-07-19T13:32:33,69200.0,27.1,S
2021-07-19T13:32:33,8000.0,27.1,S
2021-07-19T13:32:33,5700.0,27.1,S
2021-07-19T13:32:33,2000.0,27.1,S
2021-07-19T13:32:33,10100.0,27.1,S
2021-07-19T13:32:33,200.0,27.1,S
2021-07-19T13:32:33,100.0,27.1,S
2021-07-19T13:32:33,87100.0,27.1,S
2021-07-19T13:32:33,100.0,27.15,S
2021-07-19T13:32:33,200.0,27.15,S
2021-07-19T13:32:33,1100.0,27.15,S
2021-07-19T13:32:33,3200.0,27.15,S
2021-07-19T13:32:33,3200.0,27.15,S
2021-07-19T13:32:33,105300.0,27.15,S
2021-07-19T13:32:33,400.0,27.15,S
2021-07-19T13:32:33,3400.0,27.15,S
2021-07-19T13:32:33,20000.0,27.15,S
2021-07-19T13:32:33,1200.0,27.15,S
2021-07-19T13:32:33,5700.0,27.15,S
2021-07-19T13:32:33,1200.0,27.15,S
2021-07-19T13:32:33,1600.0,27.15,S
2021-07-19T13:32:33,300.0,27.2,S
2021-07-19T13:32:33,2300.0,27.2,S
2021-07-19T13:32:33,12100.0,27.2,S
2021-07-19T13:32:33,10500.0,27.2,S
2021-07-19T13:32:33,25100.0,27.2,S
2021-07-19T13:32:33,1800.0,27.2,S
2021-07-19T13:32:33,400.0,27.2,S
2021-07-19T13:32:33,2100.0,27.2,S
2021-07-19T13:32:33,600.0,27.2,S
2021-07-19T13:32:33,3200.0,27.2,S
2021-07-19T13:32:33,200.0,27.2,S
2021-07-19T13:32:33,200.0,27.2,S
2021-07-19T13:32:33,200.0,27.2,S
2021-07-19T13:32:33,6800.0,27.2,S
2021-07-19T13:32:33,500.0,27.2,S
2021-07-19T13:32:33,100800.0,27.2,S
2021-07-19T13:32:33,700.0,27.2,S
2021-07-19T13:32:33,600.0,27.2,S
2021-07-19T13:32:33,2500.0,27.2,S
2021-07-19T13:32:33,4700.0,27.2,S
2021-07-19T13:32:33,500.0,27.2,S
2021-07-19T13:32:33,2000.0,27.2,S
2021-07-19T13:32:33,200.0,27.2,S
2021-07-19T13:32:33,3300.0,27.2,S
2021-07-19T13:32:33,3900.0,27.2,S
2021-07-19T13:32:33,1400.0,27.2,S
2021-07-19T13:32:33,2700.0,27.2,S
2021-07-19T13:32:33,6100.0,27.2,S
2021-07-19T13:32:33,2500.0,27.2,S
2021-07-19T13:32:33,10000.0,27.25,S
2021-07-19T13:32:33,26400.0,27.25,S
2021-07-19T13:32:33,12500.0,27.25,S
2021-07-19T13:32:33,20000.0,27.25,S
2021-07-19T13:32:33,48900.0,27.25,S
2021-07-19T13:32:33,500.0,27.3,B
2021-07-19T13:32:33,500.0,27.3,B
2021-07-19T13:32:33,500.0,27.3,B
2021-07-19T13:32:31,1000.0,27.25,S
2021-07-19T13:32:30,900.0,27.3,B
2021-07-19T13:32:30,500.0,27.25,S
2021-07-19T13:32:26,500.0,27.3,B
2021-07-19T13:32:25,10000.0,27.3,B
2021-07-19T13:32:23,1000.0,27.3,B
2021-07-19T13:32:23,500.0,27.3,B
2021-07-19T13:32:22,500.0,27.3,B
2021-07-19T13:32:21,1000.0,27.3,B
2021-07-19T13:32:21,100.0,27.25,S
2021-07-19T13:32:19,500.0,27.3,B
2021-07-19T13:32:16,1000.0,27.3,B
2021-07-19T13:32:15,600.0,27.3,B
2021-07-19T13:32:15,2000.0,27.3,B
2021-07-19T13:32:14,25000.0,27.3,B
2021-07-19T13:32:12,1300.0,27.3,B
2021-07-19T13:32:12,500.0,27.3,B
2021-07-19T13:32:09,600.0,27.3,B
2021-07-19T13:32:08,1000.0,27.3,B
2021-07-19T13:32:08,10000.0,27.3,B
2021-07-19T13:32:08,1800.0,27.3,B
2021-07-19T13:32:08,100.0,27.3,B
2021-07-19T13:32:08,300.0,27.3,B
2021-07-19T13:32:07,200.0,27.3,B
2021-07-19T13:32:06,1000.0,27.3,B
2021-07-19T13:32:05,1000.0,27.3,B
2021-07-19T13:32:03,900.0,27.25,S
2021-07-19T13:32:03,20000.0,27.3,S
2021-07-19T13:32:03,25000.0,27.3,S
2021-07-19T13:32:03,2200.0,27.3,S
2021-07-19T13:32:03,6500.0,27.3,S
2021-07-19T13:32:03,29700.0,27.3,S
2021-07-19T13:32:03,1600.0,27.3,S
2021-07-19T13:32:03,4100.0,27.3,S
2021-07-19T13:32:03,2700.0,27.35,S
2021-07-19T13:32:02,2000.0,27.35,S
2021-07-19T13:31:57,12000.0,27.3,S
2021-07-19T13:31:56,800.0,27.35,S
2021-07-19T13:31:56,8000.0,27.35,S
2021-07-19T13:31:56,1000.0,27.35,S
2021-07-19T13:31:55,100.0,27.35,S
2021-07-19T13:31:53,300.0,27.35,S
2021-07-19T13:31:53,3700.0,27.35,S
2021-07-19T13:31:53,100.0,27.35,S
2021-07-19T13:31:53,3900.0,27.35,S
2021-07-19T13:31:50,200.0,27.35,S
2021-07-19T13:31:50,500.0,27.4,B
2021-07-19T13:31:48,1000.0,27.35,S
2021-07-19T13:31:48,600.0,27.4,B
2021-07-19T13:31:48,200.0,27.35,S
2021-07-19T13:31:48,1000.0,27.4,B
2021-07-19T13:31:47,1000.0,27.35,S
2021-07-19T13:31:46,100.0,27.35,S
2021-07-19T13:31:45,300.0,27.35,S
2021-07-19T13:31:39,3000.0,27.35,S
2021-07-19T13:31:39,200.0,27.35,S
2021-07-19T13:31:36,1000.0,27.35,S
2021-07-19T13:31:35,600.0,27.4,B
2021-07-19T13:31:34,200.0,27.4,B
2021-07-19T13:31:33,1100.0,27.4,B
2021-07-19T13:31:30,1000.0,27.4,B
2021-07-19T13:31:30,200.0,27.3,S
2021-07-19T13:31:28,2500.0,27.3,S
2021-07-19T13:31:26,1000.0,27.3,S
2021-07-19T13:31:24,75000.0,27.4,B
2021-07-19T13:31:24,10000.0,27.35,B
2021-07-19T13:31:21,600.0,27.35,B
2021-07-19T13:31:17,4000.0,27.35,B
2021-07-19T13:31:17,54200.0,27.25,S
2021-07-19T13:31:17,100.0,27.25,S
2021-07-19T13:31:17,2100.0,27.25,S
2021-07-19T13:31:17,12100.0,27.25,S
2021-07-19T13:31:17,12000.0,27.3,S
2021-07-19T13:31:17,700.0,27.3,S
2021-07-19T13:31:17,5000.0,27.3,S
2021-07-19T13:31:17,2200.0,27.3,S
2021-07-19T13:31:17,16400.0,27.3,S
2021-07-19T13:31:17,11500.0,27.3,S
2021-07-19T13:31:17,1200.0,27.3,S
2021-07-19T13:31:17,21500.0,27.3,S
2021-07-19T13:31:17,11400.0,27.3,S
2021-07-19T13:31:17,100200.0,27.3,S
2021-07-19T13:31:17,1300.0,27.3,S
2021-07-19T13:31:17,1000.0,27.3,S
2021-07-19T13:31:17,400.0,27.3,S
2021-07-19T13:31:17,2500.0,27.3,S
2021-07-19T13:31:17,1500.0,27.3,S
2021-07-19T13:31:17,8000.0,27.3,S
2021-07-19T13:31:17,100.0,27.3,S
2021-07-19T13:31:17,2100.0,27.3,S
2021-07-19T13:31:17,2500.0,27.35,S
2021-07-19T13:31:17,22100.0,27.35,S
2021-07-19T13:31:17,10000.0,27.35,S
2021-07-19T13:31:17,53000.0,27.35,S
2021-07-19T13:31:17,26400.0,27.35,S
2021-07-19T13:31:17,700.0,27.35,S
2021-07-19T13:31:17,15600.0,27.35,S
2021-07-19T13:31:17,600.0,27.35,S
2021-07-19T13:31:17,600.0,27.35,S
2021-07-19T13:31:17,26100.0,27.35,S
2021-07-19T13:31:17,10600.0,27.35,S
2021-07-19T13:31:17,3400.0,27.35,S
2021-07-19T13:31:15,600.0,27.4,B
2021-07-19T13:31:12,10000.0,27.4,B
2021-07-19T13:31:09,600.0,27.4,B
2021-07-19T13:31:08,45000.0,27.35,S
2021-07-19T13:31:08,100.0,27.4,B
2021-07-19T13:31:07,2000.0,27.35,S
2021-07-19T13:30:57,300.0,27.35,S
2021-07-19T13:30:56,1200.0,27.4,B
2021-07-19T13:30:56,600.0,27.4,B
2021-07-19T13:30:54,10000.0,27.35,S
2021-07-19T13:30:51,10000.0,27.4,B
2021-07-19T13:30:42,200.0,27.35,S
2021-07-19T13:30:42,600.0,27.4,B
2021-07-19T13:30:36,600.0,27.4,B
2021-07-19T13:30:35,1000.0,27.35,S
2021-07-19T13:30:31,500.0,27.4,B
2021-07-19T13:30:31,200000.0,27.35,S
2021-07-19T13:30:28,100.0,27.35,S
2021-07-19T13:30:26,300.0,27.4,B
2021-07-19T13:30:23,5000.0,27.35,S
2021-07-19T13:30:20,10000.0,27.45,B
2021-07-19T13:30:18,17900.0,27.4,B
2021-07-19T13:30:18,7100.0,27.4,B
2021-07-19T13:30:16,181600.0,27.35,S
2021-07-19T13:30:16,100400.0,27.35,S
2021-07-19T13:30:16,100.0,27.35,S
2021-07-19T13:30:16,17900.0,27.35,S
2021-07-19T13:30:12,200.0,27.35,S
2021-07-19T13:30:09,200.0,27.4,S
2021-07-19T13:30:08,13700.0,27.4,S
2021-07-19T13:30:08,10000.0,27.4,S
2021-07-19T13:30:06,1000.0,27.4,S
2021-07-19T13:30:04,2000.0,27.4,S
2021-07-19T13:30:02,1000.0,27.4,S
2021-07-19T13:29:59,100.0,27.45,B
2021-07-19T13:29:55,20000.0,27.4,S
2021-07-19T13:29:54,1000.0,27.4,S
2021-07-19T13:29:53,6000.0,27.4,S
2021-07-19T13:29:51,200.0,27.4,S
2021-07-19T13:29:49,9000.0,27.4,S
2021-07-19T13:29:49,10000.0,27.4,S
2021-07-19T13:29:49,12200.0,27.4,S
2021-07-19T13:29:46,2000.0,27.4,S
2021-07-19T13:29:46,1800.0,27.4,S
2021-07-19T13:29:46,15000.0,27.4,S
2021-07-19T13:29:43,1000.0,27.4,S
2021-07-19T13:29:42,200.0,27.4,S
2021-07-19T13:29:41,2000.0,27.4,S
2021-07-19T13:29:37,10000.0,27.4,S
2021-07-19T13:29:34,500.0,27.4,S
2021-07-19T13:29:31,1500.0,27.4,S
2021-07-19T13:29:31,10000.0,27.4,S
2021-07-19T13:29:24,2000.0,27.4,S
2021-07-19T13:29:13,14300.0,27.4,S
2021-07-19T13:29:13,10200.0,27.4,S
2021-07-19T13:29:13,5500.0,27.4,S
2021-07-19T13:29:12,2000.0,27.45,B
2021-07-19T13:29:11,1000.0,27.4,S
2021-07-19T13:29:10,300.0,27.4,S
2021-07-19T13:29:10,2000.0,27.4,S
2021-07-19T13:29:08,500.0,27.4,S
2021-07-19T13:29:02,400.0,27.4,S
2021-07-19T13:28:52,300.0,27.4,S
2021-07-19T13:28:49,500.0,27.4,S
2021-07-19T13:28:43,200.0,27.45,B
2021-07-19T13:28:39,500.0,27.45,B
2021-07-19T13:28:39,16700.0,27.4,S
2021-07-19T13:28:39,3100.0,27.4,S
2021-07-19T13:28:39,5400.0,27.4,S
2021-07-19T13:28:39,2600.0,27.4,S
2021-07-19T13:28:39,2200.0,27.4,S
2021-07-19T13:28:39,10000.0,27.4,S
2021-07-19T13:28:37,3000.0,27.4,S
2021-07-19T13:28:36,1000.0,27.4,S
2021-07-19T13:28:34,200.0,27.4,S
2021-07-19T13:28:32,500.0,27.4,S
2021-07-19T13:28:32,200.0,27.4,S
2021-07-19T13:28:31,4100.0,27.4,S
2021-07-19T13:28:29,500.0,27.4,S
2021-07-19T13:28:29,2000.0,27.4,S
2021-07-19T13:28:27,2000.0,27.4,S
2021-07-19T13:28:27,1000.0,27.4,S
2021-07-19T13:28:26,600.0,27.4,S
2021-07-19T13:28:25,200.0,27.4,S
2021-07-19T13:28:24,1000.0,27.45,B
2021-07-19T13:28:23,2000.0,27.4,S
2021-07-19T13:28:22,700.0,27.4,S
2021-07-19T13:28:19,500.0,27.4,S
2021-07-19T13:28:18,1000.0,27.4,S
2021-07-19T13:28:16,1000.0,27.4,S
2021-07-19T13:28:16,800.0,27.4,S
2021-07-19T13:28:12,10000.0,27.4,S
2021-07-19T13:28:07,600.0,27.4,S
2021-07-19T13:28:07,1000.0,27.45,B
2021-07-19T13:28:07,800.0,27.45,B
2021-07-19T13:28:07,700.0,27.4,S
2021-07-19T13:28:04,3000.0,27.4,S
2021-07-19T13:28:02,30000.0,27.4,S
2021-07-19T13:27:58,300.0,27.45,B
2021-07-19T13:27:55,50000.0,27.4,S
2021-07-19T13:27:54,19100.0,27.4,S
2021-07-19T13:27:54,10900.0,27.4,S
2021-07-19T13:27:52,100.0,27.45,B
2021-07-19T13:27:51,200.0,27.4,S
2021-07-19T13:27:51,20000.0,27.4,S
2021-07-19T13:27:46,1000.0,27.4,S
2021-07-19T13:27:42,1000.0,27.4,S
2021-07-19T13:27:37,3000.0,27.4,S
2021-07-19T13:27:33,2000.0,27.4,S
2021-07-19T13:27:26,500.0,27.4,S
2021-07-19T13:27:23,800.0,27.4,S
2021-07-19T13:27:22,2000.0,27.4,S
2021-07-19T13:27:21,1500.0,27.4,S
2021-07-19T13:27:02,400.0,27.4,S
2021-07-19T13:26:57,1500.0,27.4,S
2021-07-19T13:26:54,3000.0,27.4,S
2021-07-19T13:26:51,100.0,27.45,B
2021-07-19T13:26:48,300.0,27.45,B
2021-07-19T13:26:44,3600.0,27.4,S
2021-07-19T13:26:42,300.0,27.45,B
2021-07-19T13:26:41,700.0,27.45,B
2021-07-19T13:26:41,1000.0,27.45,S
2021-07-19T13:26:38,500.0,27.45,S
2021-07-19T13:26:34,400.0,27.45,S
2021-07-19T13:26:34,1600.0,27.45,S
2021-07-19T13:26:25,200.0,27.45,S
2021-07-19T13:26:24,600.0,27.45,S
2021-07-19T13:26:21,200.0,27.45,S
2021-07-19T13:26:19,15000.0,27.45,S
2021-07-19T13:26:18,5000.0,27.45,S
2021-07-19T13:26:18,500.0,27.45,S
2021-07-19T13:26:17,2000.0,27.45,S
2021-07-19T13:26:17,5600.0,27.45,S
2021-07-19T13:26:15,1000.0,27.45,S
2021-07-19T13:26:14,9900.0,27.45,S
2021-07-19T13:26:06,1000.0,27.45,S
2021-07-19T13:26:05,400.0,27.45,S
2021-07-19T13:26:02,300.0,27.45,S
2021-07-19T13:26:02,100.0,27.45,S
2021-07-19T13:25:59,100.0,27.45,S
2021-07-19T13:25:58,7200.0,27.45,S
2021-07-19T13:25:58,900.0,27.45,S
2021-07-19T13:25:58,1100.0,27.45,S
2021-07-19T13:25:58,100.0,27.45,S
2021-07-19T13:25:58,300.0,27.45,S
2021-07-19T13:25:57,40400.0,27.45,S
2021-07-19T13:25:57,500.0,27.45,S
2021-07-19T13:25:56,2000.0,27.45,S
2021-07-19T13:25:56,10000.0,27.45,S
2021-07-19T13:25:55,100.0,27.45,S
2021-07-19T13:25:46,4000.0,27.45,S
2021-07-19T13:25:45,1500.0,27.45,S
2021-07-19T13:25:43,400.0,27.45,S
2021-07-19T13:25:32,2000.0,27.45,S
2021-07-19T13:25:20,1000.0,27.45,S
2021-07-19T13:25:17,10000.0,27.45,S
2021-07-19T13:25:17,400.0,27.5,B
2021-07-19T13:25:16,19000.0,27.45,S
2021-07-19T13:25:09,500.0,27.5,B
2021-07-19T13:25:03,200.0,27.45,S
2021-07-19T13:24:59,100.0,27.45,S
2021-07-19T13:24:49,10000.0,27.5,B
2021-07-19T13:24:24,1000.0,27.5,B
2021-07-19T13:24:22,200.0,27.5,B
2021-07-19T13:24:22,3000.0,27.45,S
2021-07-19T13:24:19,10000.0,27.45,S
2021-07-19T13:24:18,10000.0,27.5,B
2021-07-19T13:24:15,100.0,27.5,B
2021-07-19T13:24:13,300.0,27.5,B
2021-07-19T13:24:02,900.0,27.5,S
2021-07-19T13:24:02,800.0,27.5,S
2021-07-19T13:24:02,24600.0,27.5,S
2021-07-19T13:24:01,100.0,27.5,S
2021-07-19T13:24:01,1300.0,27.5,S
2021-07-19T13:24:01,100.0,27.5,S
2021-07-19T13:24:01,1100.0,27.5,S
2021-07-19T13:24:01,5700.0,27.5,S
2021-07-19T13:24:01,7200.0,27.5,S
2021-07-19T13:24:01,1200.0,27.5,S
2021-07-19T13:24:01,1300.0,27.5,S
2021-07-19T13:24:01,2100.0,27.5,S
2021-07-19T13:24:00,3000.0,27.5,S
2021-07-19T13:23:59,700.0,27.5,S
2021-07-19T13:23:57,5000.0,27.5,S
2021-07-19T13:23:57,1300.0,27.5,S
2021-07-19T13:23:54,500.0,27.5,S
2021-07-19T13:23:52,2400.0,27.55,B
2021-07-19T13:23:52,2600.0,27.55,B
2021-07-19T13:23:52,43000.0,27.5,S
2021-07-19T13:23:51,1000.0,27.5,S
2021-07-19T13:23:49,400.0,27.5,S
2021-07-19T13:23:47,2500.0,27.5,S
