tradingTime,volume,price,side
2021-07-19T14:29:43,200.0,36.5,S
2021-07-19T14:28:56,1000.0,36.55,B
2021-07-19T14:28:33,1000.0,36.55,B
2021-07-19T14:28:26,100.0,36.5,S
2021-07-19T14:28:10,2200.0,36.5,B
2021-07-19T14:28:10,1000.0,36.5,B
2021-07-19T14:26:48,100.0,36.5,B
2021-07-19T14:26:34,100.0,36.5,B
2021-07-19T14:25:46,1600.0,36.5,S
2021-07-19T14:25:34,400.0,36.5,S
2021-07-19T14:25:32,1000.0,36.5,S
2021-07-19T14:25:06,500.0,36.5,S
2021-07-19T14:24:45,500.0,36.55,S
2021-07-19T14:24:14,100.0,36.55,S
2021-07-19T14:23:39,300.0,36.55,S
2021-07-19T14:21:28,2000.0,36.6,B
2021-07-19T14:21:15,200.0,36.6,S
2021-07-19T14:21:15,900.0,36.6,S
2021-07-19T14:20:27,6000.0,36.6,S
2021-07-19T14:20:27,2000.0,36.65,S
2021-07-19T14:20:03,300.0,36.65,S
2021-07-19T14:19:12,1000.0,36.65,S
2021-07-19T14:18:52,1000.0,36.65,S
2021-07-19T14:18:30,400.0,36.65,S
2021-07-19T14:17:59,400.0,36.65,S
2021-07-19T14:17:31,1000.0,36.65,S
2021-07-19T14:14:16,100.0,36.7,B
2021-07-19T14:13:33,300.0,36.7,B
2021-07-19T14:12:59,200.0,36.7,B
2021-07-19T14:12:28,300.0,36.7,B
2021-07-19T14:12:28,200.0,36.65,S
2021-07-19T14:12:01,100.0,36.7,B
2021-07-19T14:11:32,200.0,36.65,S
2021-07-19T14:11:32,2000.0,36.7,B
2021-07-19T14:09:15,300.0,36.7,S
2021-07-19T14:09:01,5000.0,36.65,S
2021-07-19T14:08:33,100.0,36.7,B
2021-07-19T14:08:12,500.0,36.7,B
2021-07-19T14:07:27,100.0,36.7,B
2021-07-19T14:06:16,100.0,36.7,S
2021-07-19T14:04:50,5000.0,36.8,B
2021-07-19T14:04:00,400.0,36.8,B
2021-07-19T14:03:32,300.0,36.7,S
2021-07-19T14:03:27,600.0,36.7,B
2021-07-19T14:03:12,100.0,36.7,B
2021-07-19T14:03:09,1000.0,36.7,B
2021-07-19T14:02:50,1000.0,36.7,B
2021-07-19T14:01:57,1000.0,36.7,S
2021-07-19T14:01:51,200.0,36.8,B
2021-07-19T14:00:58,1000.0,36.8,B
2021-07-19T14:00:00,300.0,36.85,B
2021-07-19T13:57:35,700.0,36.8,B
2021-07-19T13:57:25,100.0,36.8,B
2021-07-19T13:57:09,100.0,36.8,B
2021-07-19T13:54:51,900.0,36.7,S
2021-07-19T13:54:29,4000.0,36.8,S
2021-07-19T13:54:10,100.0,36.95,B
2021-07-19T13:51:19,200.0,36.8,S
2021-07-19T13:51:16,500.0,36.8,S
2021-07-19T13:50:29,400.0,36.8,B
2021-07-19T13:50:19,100.0,36.8,B
2021-07-19T13:50:12,500.0,36.8,B
2021-07-19T13:49:43,2000.0,36.8,B
2021-07-19T13:49:43,3000.0,36.8,B
2021-07-19T13:49:17,1000.0,36.75,S
2021-07-19T13:48:36,100.0,36.75,B
2021-07-19T13:47:53,100.0,36.75,B
2021-07-19T13:47:41,2000.0,36.75,B
2021-07-19T13:47:17,200.0,36.7,B
2021-07-19T13:46:48,100.0,36.75,S
2021-07-19T13:46:20,100.0,36.75,S
2021-07-19T13:46:05,100.0,36.75,S
2021-07-19T13:45:33,4000.0,36.65,S
2021-07-19T13:45:30,2000.0,36.9,B
2021-07-19T13:45:29,2000.0,36.8,B
2021-07-19T13:45:14,900.0,36.75,S
2021-07-19T13:45:12,100.0,36.75,B
2021-07-19T13:45:05,100.0,36.75,B
2021-07-19T13:44:37,100.0,36.75,B
2021-07-19T13:44:34,1000.0,36.6,S
2021-07-19T13:44:13,5000.0,36.6,S
2021-07-19T13:44:12,500.0,36.65,S
2021-07-19T13:44:03,2300.0,36.65,S
2021-07-19T13:43:51,400.0,36.65,S
2021-07-19T13:42:27,5000.0,36.65,S
2021-07-19T13:42:06,1000.0,36.65,S
2021-07-19T13:41:29,10000.0,36.65,S
2021-07-19T13:40:47,1000.0,36.7,S
2021-07-19T13:40:28,500.0,36.7,S
2021-07-19T13:40:20,1500.0,36.7,B
2021-07-19T13:39:43,200.0,36.65,S
2021-07-19T13:38:53,100.0,36.65,S
2021-07-19T13:38:08,2500.0,36.65,B
2021-07-19T13:38:08,200.0,36.6,S
2021-07-19T13:38:01,3000.0,36.65,B
2021-07-19T13:37:24,100.0,36.65,B
2021-07-19T13:37:12,5600.0,36.65,B
2021-07-19T13:37:07,1000.0,36.65,S
2021-07-19T13:36:58,100.0,36.7,B
2021-07-19T13:36:43,100.0,36.7,B
2021-07-19T13:36:19,6100.0,36.7,S
2021-07-19T13:36:02,100.0,36.75,B
2021-07-19T13:35:54,500.0,36.75,B
2021-07-19T13:35:52,900.0,36.75,B
2021-07-19T13:35:00,500.0,36.75,S
2021-07-19T13:34:49,4600.0,36.75,S
2021-07-19T13:33:44,1600.0,36.75,B
2021-07-19T13:33:11,300.0,36.75,B
2021-07-19T13:33:09,100.0,36.75,S
2021-07-19T13:32:39,200.0,36.8,B
2021-07-19T13:32:33,2000.0,36.8,B
2021-07-19T13:32:10,200.0,36.8,S
2021-07-19T13:31:39,700.0,36.8,S
2021-07-19T13:31:28,1000.0,36.8,S
2021-07-19T13:30:57,800.0,36.8,S
2021-07-19T13:30:57,200.0,36.8,S
2021-07-19T13:28:42,500.0,37.0,B
2021-07-19T13:27:17,1300.0,37.0,B
2021-07-19T13:27:17,500.0,37.0,B
2021-07-19T13:27:17,8200.0,37.0,B
2021-07-19T13:26:39,200.0,36.8,B
2021-07-19T13:26:27,2000.0,36.8,B
2021-07-19T13:26:07,300.0,36.8,B
2021-07-19T13:26:04,1400.0,36.8,B
2021-07-19T13:25:54,100.0,36.8,S
2021-07-19T13:25:28,500.0,36.8,S
2021-07-19T13:25:15,16500.0,36.7,S
2021-07-19T13:24:06,600.0,36.75,S
2021-07-19T13:22:03,800.0,36.7,S
2021-07-19T13:20:28,300.0,36.7,S
2021-07-19T13:19:55,500.0,36.95,B
2021-07-19T13:19:12,500.0,36.95,B
2021-07-19T13:19:10,500.0,37.0,B
2021-07-19T13:18:22,1000.0,36.95,S
2021-07-19T13:16:42,200.0,37.0,B
2021-07-19T13:16:25,1300.0,37.0,B
2021-07-19T13:16:25,700.0,37.0,B
2021-07-19T13:16:20,1000.0,37.0,B
2021-07-19T13:16:20,4000.0,37.0,B
2021-07-19T13:15:10,1000.0,37.0,B
2021-07-19T13:15:07,300.0,37.0,B
2021-07-19T13:15:04,100.0,37.0,B
2021-07-19T13:14:28,6700.0,37.0,B
2021-07-19T13:13:11,200.0,37.0,B
2021-07-19T13:12:15,1000.0,37.0,B
2021-07-19T13:12:11,2000.0,37.0,B
2021-07-19T13:11:55,300.0,37.0,B
2021-07-19T13:11:31,1000.0,37.0,B
2021-07-19T13:11:23,400.0,37.0,B
2021-07-19T13:10:37,200.0,36.95,S
2021-07-19T13:10:21,2000.0,36.95,B
2021-07-19T13:09:56,100.0,36.95,B
2021-07-19T13:09:24,100.0,36.95,B
2021-07-19T13:09:21,300.0,36.5,S
2021-07-19T13:09:21,200.0,36.5,S
2021-07-19T13:09:13,200.0,36.5,S
2021-07-19T13:09:01,2000.0,36.45,S
2021-07-19T13:07:13,300.0,36.3,S
2021-07-19T13:06:57,100.0,36.2,S
2021-07-19T13:06:55,100.0,36.3,B
2021-07-19T13:06:35,500.0,36.3,B
2021-07-19T13:06:26,2700.0,36.3,S
2021-07-19T13:05:58,400.0,36.3,S
2021-07-19T13:05:56,1000.0,36.5,S
2021-07-19T13:05:44,100.0,36.5,S
2021-07-19T13:05:37,500.0,36.7,B
2021-07-19T13:05:36,100.0,36.65,S
2021-07-19T13:04:54,1500.0,36.7,S
2021-07-19T13:04:50,400.0,36.7,S
2021-07-19T13:04:31,100.0,36.75,B
2021-07-19T13:04:15,100.0,36.75,S
2021-07-19T13:04:15,800.0,36.75,S
2021-07-19T13:03:52,1000.0,36.75,S
2021-07-19T13:03:23,1000.0,36.75,S
2021-07-19T13:03:11,500.0,36.75,S
2021-07-19T13:03:05,300.0,36.75,S
2021-07-19T13:03:05,2000.0,36.75,S
2021-07-19T13:03:04,1000.0,36.75,S
2021-07-19T13:02:49,12000.0,36.75,S
2021-07-19T13:02:08,2000.0,36.75,S
2021-07-19T13:01:48,100.0,36.8,B
2021-07-19T13:01:47,1000.0,36.75,S
2021-07-19T13:01:19,1900.0,36.8,S
2021-07-19T13:01:03,600.0,36.8,S
2021-07-19T13:00:47,500.0,36.8,S
2021-07-19T13:00:32,1000.0,36.8,S
2021-07-19T13:00:23,1000.0,37.0,B
2021-07-19T13:00:21,100.0,37.0,B
2021-07-19T13:00:15,300.0,37.0,B
2021-07-19T13:00:15,700.0,37.0,B
2021-07-19T13:00:13,4000.0,36.9,S
2021-07-19T11:30:00,1000.0,37.0,S
2021-07-19T11:30:00,400.0,37.0,S
2021-07-19T11:30:00,1600.0,37.0,S
2021-07-19T11:30:00,100.0,37.05,S
2021-07-19T11:29:29,500.0,37.1,B
2021-07-19T11:29:26,100.0,37.1,B
2021-07-19T11:28:42,1000.0,37.1,B
2021-07-19T11:28:20,500.0,37.0,S
2021-07-19T11:28:17,500.0,37.0,S
2021-07-19T11:28:06,700.0,37.0,S
2021-07-19T11:27:42,1600.0,37.0,S
2021-07-19T11:27:42,500.0,37.0,S
2021-07-19T11:27:42,1600.0,37.0,S
2021-07-19T11:27:42,100.0,37.0,S
2021-07-19T11:27:42,100.0,37.0,S
2021-07-19T11:27:42,6100.0,37.0,S
2021-07-19T11:27:39,1000.0,37.0,S
2021-07-19T11:27:27,500.0,37.0,S
2021-07-19T11:27:13,100.0,37.0,S
2021-07-19T11:27:12,1000.0,37.0,S
2021-07-19T11:27:05,100.0,37.0,S
2021-07-19T11:27:03,1000.0,37.0,S
2021-07-19T11:26:23,1500.0,37.0,S
2021-07-19T11:25:47,200.0,37.1,S
2021-07-19T11:25:47,1800.0,37.1,S
2021-07-19T11:25:14,200.0,37.1,S
2021-07-19T11:24:53,300.0,37.2,B
2021-07-19T11:24:12,5000.0,37.1,S
2021-07-19T11:24:12,300.0,37.15,S
2021-07-19T11:24:12,200.0,37.15,S
2021-07-19T11:23:49,100.0,37.2,S
2021-07-19T11:23:49,1900.0,37.2,S
2021-07-19T11:23:05,100.0,37.2,S
2021-07-19T11:23:05,2300.0,37.2,S
2021-07-19T11:22:31,1000.0,37.2,S
2021-07-19T11:19:56,500.0,37.2,S
2021-07-19T11:19:53,500.0,37.2,S
2021-07-19T11:19:44,300.0,37.2,S
2021-07-19T11:19:06,1500.0,37.2,S
2021-07-19T11:17:42,100.0,37.2,S
2021-07-19T11:17:42,900.0,37.2,S
2021-07-19T11:17:19,1000.0,37.2,S
2021-07-19T11:17:19,500.0,37.25,S
2021-07-19T11:15:42,100.0,37.25,S
2021-07-19T11:14:11,200.0,37.3,S
2021-07-19T11:14:11,300.0,37.3,S
2021-07-19T11:13:29,100.0,37.3,S
2021-07-19T11:13:14,200.0,37.3,S
2021-07-19T11:13:08,100.0,37.3,S
2021-07-19T11:13:00,5000.0,37.3,S
2021-07-19T11:12:51,100.0,37.3,S
2021-07-19T11:11:54,500.0,37.3,S
2021-07-19T11:11:47,200.0,37.35,B
2021-07-19T11:11:35,3700.0,37.35,S
2021-07-19T11:11:35,6500.0,37.35,S
2021-07-19T11:11:35,10500.0,37.35,S
2021-07-19T11:11:14,300.0,37.35,S
2021-07-19T11:11:09,100.0,37.4,B
2021-07-19T11:10:24,1400.0,37.4,S
2021-07-19T11:10:07,500.0,37.4,S
2021-07-19T11:09:25,300.0,37.4,S
2021-07-19T11:09:10,300.0,37.4,S
2021-07-19T11:08:06,100.0,37.4,S
2021-07-19T11:07:02,100.0,37.35,S
2021-07-19T11:06:59,500.0,37.35,S
2021-07-19T11:05:46,2000.0,37.35,S
2021-07-19T11:05:36,100.0,37.4,S
2021-07-19T11:04:56,5000.0,37.4,S
2021-07-19T11:02:56,3000.0,37.35,S
2021-07-19T11:00:28,1000.0,37.4,S
2021-07-19T11:00:01,1000.0,37.4,S
2021-07-19T10:58:20,600.0,37.5,B
2021-07-19T10:57:06,100.0,37.5,B
2021-07-19T10:56:56,100.0,37.4,S
2021-07-19T10:56:36,1000.0,37.4,S
2021-07-19T10:56:33,200.0,37.5,B
2021-07-19T10:56:33,1000.0,37.5,B
2021-07-19T10:56:13,100.0,37.5,B
2021-07-19T10:54:50,1000.0,37.5,B
2021-07-19T10:52:23,1100.0,37.5,B
2021-07-19T10:52:23,3200.0,37.4,S
2021-07-19T10:51:23,5300.0,37.5,S
2021-07-19T10:51:14,200.0,37.5,B
2021-07-19T10:51:05,100.0,37.5,B
2021-07-19T10:50:56,3600.0,37.5,B
2021-07-19T10:49:36,100.0,37.5,B
2021-07-19T10:48:43,100.0,37.4,S
2021-07-19T10:48:33,100.0,37.4,S
2021-07-19T10:47:43,500.0,37.4,S
2021-07-19T10:47:42,700.0,37.4,S
2021-07-19T10:46:37,900.0,37.4,S
2021-07-19T10:46:35,3000.0,37.5,B
2021-07-19T10:45:54,500.0,37.5,B
2021-07-19T10:45:53,200.0,37.5,S
2021-07-19T10:45:53,3900.0,37.5,S
2021-07-19T10:45:50,200.0,37.5,S
2021-07-19T10:45:26,100.0,37.55,B
2021-07-19T10:45:14,3000.0,37.55,B
2021-07-19T10:44:24,500.0,37.55,B
2021-07-19T10:43:37,100.0,37.55,B
2021-07-19T10:43:23,100.0,37.55,B
2021-07-19T10:43:09,500.0,37.55,B
2021-07-19T10:42:46,1000.0,37.5,S
2021-07-19T10:42:45,1000.0,37.55,B
2021-07-19T10:42:10,2300.0,37.55,B
2021-07-19T10:42:09,200.0,37.5,S
2021-07-19T10:40:40,800.0,37.5,S
2021-07-19T10:40:40,300.0,37.5,S
2021-07-19T10:40:36,1000.0,37.55,B
2021-07-19T10:38:42,1000.0,37.5,S
2021-07-19T10:38:16,2400.0,37.5,B
2021-07-19T10:37:40,400.0,37.5,S
2021-07-19T10:37:40,300.0,37.55,B
2021-07-19T10:36:40,400.0,37.5,B
2021-07-19T10:36:40,4400.0,37.5,B
2021-07-19T10:36:02,6500.0,37.5,B
2021-07-19T10:36:02,2300.0,37.5,B
2021-07-19T10:36:02,200.0,37.5,B
2021-07-19T10:36:02,3300.0,37.5,B
2021-07-19T10:36:02,5200.0,37.5,B
2021-07-19T10:36:02,2500.0,37.45,B
2021-07-19T10:35:18,200.0,37.4,S
2021-07-19T10:34:47,400.0,37.4,B
2021-07-19T10:34:45,200.0,37.4,B
2021-07-19T10:34:36,200.0,37.4,B
2021-07-19T10:34:19,500.0,37.4,B
2021-07-19T10:33:07,600.0,37.35,S
2021-07-19T10:33:07,1900.0,37.35,S
2021-07-19T10:32:47,100.0,37.35,S
2021-07-19T10:32:41,10000.0,37.4,B
2021-07-19T10:32:38,500.0,37.35,S
2021-07-19T10:32:12,2000.0,37.35,S
2021-07-19T10:31:49,600.0,37.35,S
2021-07-19T10:31:24,900.0,37.35,B
2021-07-19T10:31:09,1400.0,37.35,B
2021-07-19T10:29:34,200.0,37.3,S
2021-07-19T10:29:13,600.0,37.3,S
2021-07-19T10:28:54,1000.0,37.3,B
2021-07-19T10:28:46,500.0,37.3,B
2021-07-19T10:28:37,900.0,37.3,B
2021-07-19T10:28:19,100.0,37.3,B
2021-07-19T10:27:40,100.0,37.3,B
2021-07-19T10:27:27,300.0,37.3,B
2021-07-19T10:27:26,1000.0,37.3,S
2021-07-19T10:26:26,200.0,37.3,S
2021-07-19T10:25:59,100.0,37.35,B
2021-07-19T10:25:13,100.0,37.3,B
2021-07-19T10:24:49,11300.0,37.3,B
2021-07-19T10:24:49,1100.0,37.3,B
2021-07-19T10:24:49,700.0,37.3,B
2021-07-19T10:24:49,6900.0,37.3,B
2021-07-19T10:24:46,200.0,37.25,B
2021-07-19T10:24:17,1000.0,37.25,B
2021-07-19T10:24:11,3000.0,37.25,B
2021-07-19T10:24:03,100.0,37.25,B
2021-07-19T10:23:43,200.0,37.25,B
2021-07-19T10:22:52,1000.0,37.25,B
2021-07-19T10:22:45,10000.0,37.2,S
2021-07-19T10:22:23,200.0,37.25,B
2021-07-19T10:21:59,2000.0,37.25,B
2021-07-19T10:21:41,1200.0,37.25,B
2021-07-19T10:21:29,200.0,37.25,B
2021-07-19T10:21:17,500.0,37.25,B
2021-07-19T10:21:12,100.0,37.25,B
2021-07-19T10:21:06,1000.0,37.25,S
2021-07-19T10:20:57,2000.0,37.25,B
2021-07-19T10:20:32,200.0,37.25,B
2021-07-19T10:20:01,2000.0,37.25,B
2021-07-19T10:19:17,200.0,37.25,B
2021-07-19T10:19:05,100.0,37.25,B
2021-07-19T10:18:37,200.0,37.25,S
2021-07-19T10:18:26,300.0,37.25,S
2021-07-19T10:17:39,200.0,37.25,B
2021-07-19T10:16:59,100.0,37.25,B
2021-07-19T10:16:46,400.0,37.25,B
2021-07-19T10:14:55,300.0,37.25,S
2021-07-19T10:14:31,2800.0,37.25,B
2021-07-19T10:13:53,300.0,37.25,B
2021-07-19T10:13:52,100.0,37.25,S
2021-07-19T10:13:51,200.0,37.25,S
2021-07-19T10:13:32,100.0,37.25,S
2021-07-19T10:13:18,100.0,37.25,S
2021-07-19T10:12:26,500.0,37.25,B
2021-07-19T10:11:53,100.0,37.25,S
2021-07-19T10:10:33,1000.0,37.2,S
2021-07-19T10:10:15,1000.0,37.2,B
2021-07-19T10:09:41,100.0,37.2,B
2021-07-19T10:08:57,900.0,37.3,S
2021-07-19T10:08:50,500.0,37.3,S
2021-07-19T10:07:27,100.0,37.35,S
2021-07-19T10:06:54,200.0,37.4,S
2021-07-19T10:06:21,1300.0,37.4,B
2021-07-19T10:06:09,1000.0,37.4,B
2021-07-19T10:05:57,200.0,37.4,B
2021-07-19T10:05:46,400.0,37.4,B
2021-07-19T10:05:27,1900.0,37.35,S
2021-07-19T10:05:18,100.0,37.3,S
2021-07-19T10:04:28,900.0,37.3,B
2021-07-19T10:04:28,12400.0,37.3,B
2021-07-19T10:04:24,400.0,37.3,B
2021-07-19T10:03:51,32700.0,37.3,B
2021-07-19T10:03:51,5300.0,37.3,B
2021-07-19T10:03:51,1300.0,37.3,B
2021-07-19T10:03:51,2500.0,37.25,B
2021-07-19T10:03:51,10300.0,37.25,B
2021-07-19T10:03:51,4500.0,37.2,B
2021-07-19T10:03:51,4400.0,37.2,B
2021-07-19T10:03:51,8500.0,37.2,B
2021-07-19T10:03:51,11100.0,37.2,B
2021-07-19T10:03:14,100.0,37.2,B
2021-07-19T10:01:56,100.0,37.1,S
2021-07-19T10:00:37,2000.0,37.1,S
2021-07-19T10:00:31,2400.0,37.2,B
2021-07-19T10:00:04,300.0,37.2,B
2021-07-19T09:59:48,100.0,37.1,S
2021-07-19T09:59:42,500.0,37.1,S
2021-07-19T09:59:15,500.0,37.1,S
2021-07-19T09:58:57,5600.0,37.1,B
2021-07-19T09:58:51,1000.0,37.1,B
2021-07-19T09:58:44,500.0,37.1,B
2021-07-19T09:58:34,100.0,37.1,B
2021-07-19T09:57:57,500.0,37.1,B
2021-07-19T09:57:22,3000.0,37.0,S
2021-07-19T09:57:12,3200.0,37.1,B
2021-07-19T09:57:12,400.0,37.0,S
2021-07-19T09:57:12,1600.0,37.0,S
2021-07-19T09:56:37,7500.0,37.2,B
2021-07-19T09:56:31,5000.0,37.0,S
2021-07-19T09:56:29,1300.0,37.1,B
2021-07-19T09:56:22,500.0,37.1,B
2021-07-19T09:56:22,100.0,37.0,S
2021-07-19T09:56:08,200.0,37.0,S
2021-07-19T09:56:01,1000.0,37.0,S
2021-07-19T09:55:53,1000.0,37.0,S
2021-07-19T09:55:18,1000.0,37.1,B
2021-07-19T09:55:00,5000.0,37.1,B
2021-07-19T09:54:25,200.0,37.1,B
2021-07-19T09:54:01,6000.0,37.1,S
2021-07-19T09:53:10,400.0,37.2,B
2021-07-19T09:52:03,2500.0,37.2,B
2021-07-19T09:51:48,300.0,37.15,B
2021-07-19T09:51:47,3000.0,37.1,S
2021-07-19T09:51:32,100.0,37.15,S
2021-07-19T09:51:28,900.0,37.15,S
2021-07-19T09:51:24,200.0,37.15,S
2021-07-19T09:51:18,1000.0,37.2,B
2021-07-19T09:50:59,100.0,37.2,B
2021-07-19T09:50:05,1000.0,37.1,S
2021-07-19T09:50:05,100.0,37.2,B
2021-07-19T09:49:57,1000.0,37.15,S
2021-07-19T09:49:56,100.0,37.15,S
2021-07-19T09:49:36,1000.0,37.15,S
2021-07-19T09:49:26,2000.0,37.2,B
2021-07-19T09:49:22,200.0,37.2,B
2021-07-19T09:48:57,5000.0,37.1,S
2021-07-19T09:48:51,500.0,37.2,B
2021-07-19T09:48:45,2000.0,37.2,B
2021-07-19T09:48:44,500.0,37.15,S
2021-07-19T09:48:42,200.0,37.2,B
2021-07-19T09:48:28,5000.0,37.2,B
2021-07-19T09:48:21,900.0,37.15,S
2021-07-19T09:47:51,500.0,37.1,S
2021-07-19T09:47:49,300.0,37.1,S
2021-07-19T09:47:47,100.0,37.1,S
2021-07-19T09:47:46,400.0,37.2,B
2021-07-19T09:47:46,800.0,37.2,B
2021-07-19T09:47:40,100.0,37.2,B
2021-07-19T09:47:23,100.0,37.15,B
2021-07-19T09:47:23,1300.0,37.15,B
2021-07-19T09:47:21,2000.0,37.1,S
2021-07-19T09:47:20,1000.0,37.15,B
2021-07-19T09:47:19,500.0,37.15,B
2021-07-19T09:47:16,200.0,37.1,B
2021-07-19T09:46:55,900.0,37.05,S
2021-07-19T09:46:54,100.0,37.15,B
2021-07-19T09:46:54,800.0,37.1,B
2021-07-19T09:46:51,200.0,37.1,B
2021-07-19T09:46:26,100.0,37.1,S
2021-07-19T09:46:22,1200.0,37.2,B
2021-07-19T09:46:20,500.0,37.2,B
2021-07-19T09:46:16,1100.0,37.2,B
2021-07-19T09:45:45,1700.0,37.2,B
2021-07-19T09:45:23,200.0,37.2,B
2021-07-19T09:44:58,200.0,37.2,B
2021-07-19T09:44:57,100.0,37.2,B
2021-07-19T09:44:20,200.0,37.3,B
2021-07-19T09:44:00,100.0,37.3,S
2021-07-19T09:43:59,100.0,37.35,B
2021-07-19T09:43:53,200.0,37.0,S
2021-07-19T09:43:50,500.0,37.0,S
2021-07-19T09:43:11,1000.0,37.0,S
2021-07-19T09:42:17,100.0,37.0,S
2021-07-19T09:42:00,2000.0,37.5,B
2021-07-19T09:41:40,2000.0,37.3,B
2021-07-19T09:41:35,4000.0,37.0,B
2021-07-19T09:41:27,200.0,36.95,B
2021-07-19T09:41:24,500.0,36.95,B
2021-07-19T09:41:19,200.0,36.9,S
2021-07-19T09:41:14,500.0,36.9,S
2021-07-19T09:40:45,400.0,36.75,B
2021-07-19T09:40:42,600.0,36.75,S
2021-07-19T09:40:39,4400.0,36.75,S
2021-07-19T09:40:38,100.0,36.8,B
2021-07-19T09:40:29,15000.0,36.75,S
2021-07-19T09:40:24,400.0,36.75,S
2021-07-19T09:40:15,200.0,36.8,S
2021-07-19T09:40:07,4000.0,36.8,S
2021-07-19T09:40:04,1000.0,36.9,S
2021-07-19T09:40:01,500.0,36.9,S
2021-07-19T09:39:57,200.0,36.9,S
2021-07-19T09:39:47,100.0,36.9,S
2021-07-19T09:39:47,900.0,36.9,S
2021-07-19T09:39:40,300.0,37.0,B
2021-07-19T09:39:31,100.0,36.9,S
2021-07-19T09:39:30,100.0,37.0,B
2021-07-19T09:39:13,900.0,37.0,S
2021-07-19T09:39:13,400.0,37.0,S
2021-07-19T09:39:12,2000.0,37.0,S
2021-07-19T09:39:00,2600.0,37.3,S
2021-07-19T09:38:41,400.0,37.5,S
2021-07-19T09:38:37,500.0,37.5,S
2021-07-19T09:38:30,4000.0,37.5,S
2021-07-19T09:38:18,1000.0,37.65,S
2021-07-19T09:38:16,100.0,37.6,S
2021-07-19T09:38:03,1000.0,37.8,B
2021-07-19T09:38:01,400.0,37.65,S
2021-07-19T09:37:49,1000.0,37.8,B
2021-07-19T09:37:38,1000.0,37.8,S
2021-07-19T09:37:31,100.0,37.8,S
2021-07-19T09:37:19,1000.0,37.9,S
2021-07-19T09:37:19,1300.0,37.9,S
2021-07-19T09:37:12,400.0,37.9,B
2021-07-19T09:37:11,100.0,37.9,S
2021-07-19T09:37:11,500.0,37.9,S
2021-07-19T09:36:59,100.0,37.9,S
2021-07-19T09:36:57,500.0,38.0,B
2021-07-19T09:36:55,1300.0,37.9,S
2021-07-19T09:36:49,600.0,38.0,B
2021-07-19T09:36:39,300.0,37.9,S
2021-07-19T09:36:39,500.0,37.9,B
2021-07-19T09:36:37,100.0,37.9,B
2021-07-19T09:36:34,100.0,37.9,S
2021-07-19T09:36:34,1600.0,37.9,S
2021-07-19T09:36:32,500.0,37.9,S
2021-07-19T09:36:25,1000.0,38.0,B
2021-07-19T09:36:24,500.0,38.0,B
2021-07-19T09:36:23,200.0,37.9,S
2021-07-19T09:36:22,1000.0,38.0,B
2021-07-19T09:36:11,300.0,37.9,S
2021-07-19T09:36:10,10000.0,38.0,B
2021-07-19T09:36:08,2600.0,38.0,B
2021-07-19T09:36:06,100.0,37.9,S
2021-07-19T09:36:04,1000.0,37.8,B
2021-07-19T09:36:03,1000.0,37.8,S
2021-07-19T09:35:57,100.0,37.8,S
2021-07-19T09:35:54,2600.0,38.0,B
2021-07-19T09:35:54,7400.0,38.0,B
2021-07-19T09:35:49,200.0,37.8,S
2021-07-19T09:35:47,1300.0,37.9,B
2021-07-19T09:35:47,500.0,37.9,B
2021-07-19T09:35:44,800.0,37.9,B
2021-07-19T09:35:42,300.0,37.8,S
2021-07-19T09:35:40,1000.0,37.9,B
2021-07-19T09:35:40,400.0,37.9,B
2021-07-19T09:35:40,1000.0,37.9,B
2021-07-19T09:35:34,500.0,37.9,B
2021-07-19T09:35:26,1200.0,37.8,B
2021-07-19T09:35:26,2200.0,37.8,B
2021-07-19T09:35:23,400.0,37.75,B
2021-07-19T09:35:23,1100.0,37.75,B
2021-07-19T09:35:15,100.0,37.65,B
2021-07-19T09:35:11,400.0,37.6,B
2021-07-19T09:35:00,300.0,37.6,B
2021-07-19T09:34:55,400.0,37.6,B
2021-07-19T09:34:45,16000.0,37.5,B
2021-07-19T09:34:38,100.0,37.4,B
2021-07-19T09:34:20,100.0,37.3,S
2021-07-19T09:34:01,400.0,37.3,B
2021-07-19T09:34:01,700.0,37.3,B
2021-07-19T09:33:50,600.0,37.0,B
2021-07-19T09:33:29,5000.0,37.0,B
2021-07-19T09:33:29,900.0,36.75,S
2021-07-19T09:33:29,1000.0,36.9,S
2021-07-19T09:33:23,1000.0,36.9,B
2021-07-19T09:33:19,700.0,36.75,S
2021-07-19T09:33:19,2300.0,36.75,S
2021-07-19T09:33:14,4000.0,36.75,S
2021-07-19T09:33:14,1000.0,36.8,S
2021-07-19T09:33:09,5000.0,36.85,S
2021-07-19T09:33:00,200.0,36.75,S
2021-07-19T09:33:00,300.0,36.75,S
2021-07-19T09:32:57,200.0,36.8,B
2021-07-19T09:32:22,800.0,36.75,B
2021-07-19T09:32:04,8000.0,36.75,B
2021-07-19T09:31:46,1000.0,36.7,S
2021-07-19T09:31:33,100.0,36.7,S
2021-07-19T09:31:24,100.0,36.75,B
2021-07-19T09:30:56,500.0,36.7,B
2021-07-19T09:30:56,500.0,36.7,S
2021-07-19T09:30:50,3000.0,36.7,S
2021-07-19T09:30:29,100.0,36.7,S
2021-07-19T09:30:09,500.0,36.7,S
2021-07-19T09:29:57,1000.0,36.7,S
2021-07-19T09:28:59,1000.0,36.7,S
2021-07-19T09:28:59,100.0,36.7,S
2021-07-19T09:28:50,200.0,36.7,S
2021-07-19T09:28:40,300.0,36.7,S
2021-07-19T09:28:36,100.0,36.75,B
2021-07-19T09:28:34,1000.0,36.7,S
2021-07-19T09:27:44,200.0,36.7,S
2021-07-19T09:27:43,100.0,36.7,S
2021-07-19T09:27:38,2000.0,36.75,B
2021-07-19T09:27:35,500.0,36.7,S
2021-07-19T09:26:59,2500.0,36.7,B
2021-07-19T09:26:51,1000.0,36.7,B
2021-07-19T09:26:47,500.0,36.7,B
2021-07-19T09:26:40,300.0,36.7,B
2021-07-19T09:26:34,1000.0,36.7,B
2021-07-19T09:26:31,500.0,36.7,B
2021-07-19T09:26:16,1000.0,36.65,B
2021-07-19T09:26:09,1000.0,36.65,B
2021-07-19T09:26:06,300.0,36.5,S
2021-07-19T09:25:48,600.0,36.5,B
2021-07-19T09:25:31,300.0,36.5,B
2021-07-19T09:25:24,1000.0,36.5,B
2021-07-19T09:25:19,100.0,36.5,B
2021-07-19T09:25:08,3000.0,36.5,B
2021-07-19T09:24:56,100.0,36.45,B
2021-07-19T09:24:48,300.0,36.45,B
2021-07-19T09:24:43,1000.0,36.45,B
2021-07-19T09:24:18,1000.0,36.45,B
2021-07-19T09:24:15,300.0,36.45,B
2021-07-19T09:24:02,100.0,36.5,B
2021-07-19T09:23:53,4000.0,36.5,B
2021-07-19T09:23:11,4000.0,36.5,B
2021-07-19T09:23:11,200.0,36.1,S
2021-07-19T09:22:58,100.0,36.1,S
2021-07-19T09:22:25,100.0,36.1,S
2021-07-19T09:22:21,100.0,36.1,S
2021-07-19T09:22:16,600.0,36.1,B
2021-07-19T09:21:41,1000.0,36.0,S
2021-07-19T09:21:28,400.0,35.95,S
2021-07-19T09:21:28,100.0,36.0,S
2021-07-19T09:21:28,9900.0,36.0,B
2021-07-19T09:21:17,200.0,35.95,S
2021-07-19T09:21:17,12700.0,35.95,B
2021-07-19T09:21:15,500.0,35.95,B
2021-07-19T09:21:14,600.0,35.95,B
2021-07-19T09:21:08,100.0,35.95,B
2021-07-19T09:20:42,600.0,35.95,B
2021-07-19T09:20:38,400.0,35.95,B
2021-07-19T09:20:37,300.0,35.95,B
2021-07-19T09:20:30,200.0,35.9,S
2021-07-19T09:20:27,700.0,35.9,S
2021-07-19T09:20:06,1000.0,35.9,S
2021-07-19T09:20:00,5000.0,35.95,B
2021-07-19T09:19:44,200.0,35.8,S
2021-07-19T09:19:33,3000.0,35.8,S
2021-07-19T09:19:14,500.0,36.0,B
2021-07-19T09:19:11,1000.0,35.85,S
2021-07-19T09:19:07,700.0,36.0,S
2021-07-19T09:19:05,1000.0,36.1,S
2021-07-19T09:18:57,100.0,36.1,S
2021-07-19T09:18:46,3700.0,36.1,B
2021-07-19T09:18:34,1400.0,36.0,B
2021-07-19T09:18:17,1000.0,36.0,B
2021-07-19T09:17:56,100.0,35.9,B
2021-07-19T09:17:52,200.0,35.9,B
2021-07-19T09:17:40,500.0,35.9,S
2021-07-19T09:17:39,700.0,36.0,B
2021-07-19T09:17:31,500.0,35.9,S
2021-07-19T09:17:21,1500.0,35.8,S
2021-07-19T09:17:16,500.0,35.8,S
2021-07-19T09:17:03,1000.0,36.0,B
2021-07-19T09:17:02,600.0,36.0,S
2021-07-19T09:17:02,5700.0,36.0,S
2021-07-19T09:17:00,500.0,36.0,S
2021-07-19T09:16:54,1000.0,36.1,B
2021-07-19T09:16:53,200.0,36.0,S
2021-07-19T09:16:39,100.0,36.1,S
2021-07-19T09:16:39,2500.0,36.1,S
2021-07-19T09:16:39,3800.0,36.1,S
2021-07-19T09:16:29,100.0,36.1,S
2021-07-19T09:16:26,2500.0,36.1,S
2021-07-19T09:16:18,2500.0,36.1,S
2021-07-19T09:16:17,100.0,36.2,S
2021-07-19T09:16:05,1000.0,36.1,S
2021-07-19T09:15:58,400.0,36.4,B
2021-07-19T09:15:35,5000.0,36.1,S
2021-07-19T09:15:28,1200.0,36.4,B
2021-07-19T09:15:09,2000.0,36.1,S
