tradingTime,volume,price,side
2021-07-19T14:50:59,100.0,14.7,S
2021-07-19T14:50:39,100.0,14.7,S
2021-07-19T14:50:31,700.0,14.7,S
2021-07-19T14:50:09,700.0,14.7,S
2021-07-19T14:50:07,500.0,14.7,S
2021-07-19T14:48:49,10000.0,14.7,S
2021-07-19T14:48:31,10000.0,14.7,S
2021-07-19T14:48:27,2000.0,14.8,B
2021-07-19T14:48:14,3000.0,14.7,S
2021-07-19T14:48:09,900.0,14.8,B
2021-07-19T14:47:51,1000.0,14.8,B
2021-07-19T14:47:39,2600.0,14.8,B
2021-07-19T14:47:24,300.0,14.8,B
2021-07-19T14:47:04,200.0,14.8,B
2021-07-19T14:46:44,100.0,14.8,B
2021-07-19T14:45:14,2000.0,14.7,S
2021-07-19T14:44:19,4200.0,14.7,S
2021-07-19T14:43:59,100.0,14.7,S
2021-07-19T14:43:44,2500.0,14.7,S
2021-07-19T14:43:39,500.0,14.8,B
2021-07-19T14:43:34,500.0,14.8,B
2021-07-19T14:42:39,700.0,14.7,B
2021-07-19T14:42:34,200.0,14.7,B
2021-07-19T14:42:34,100.0,14.7,B
2021-07-19T14:42:29,1500.0,14.7,S
2021-07-19T14:42:24,3300.0,14.7,S
2021-07-19T14:41:34,8300.0,14.7,B
2021-07-19T14:41:34,1700.0,14.7,S
2021-07-19T14:41:14,40000.0,14.7,S
2021-07-19T14:40:24,4400.0,14.7,S
2021-07-19T14:39:59,500.0,14.7,S
2021-07-19T14:39:54,100.0,14.7,S
2021-07-19T14:39:44,100.0,14.7,S
2021-07-19T14:39:24,500.0,14.7,S
2021-07-19T14:39:19,3000.0,14.7,S
2021-07-19T14:39:09,500.0,14.7,S
2021-07-19T14:38:39,100.0,14.7,S
2021-07-19T14:38:29,1000.0,14.7,S
2021-07-19T14:37:59,2000.0,14.7,S
2021-07-19T14:37:54,10000.0,14.7,S
2021-07-19T14:37:29,3000.0,14.8,B
2021-07-19T14:37:14,1000.0,14.8,B
2021-07-19T14:37:04,100.0,14.8,B
2021-07-19T14:36:19,3300.0,14.8,B
2021-07-19T14:35:49,500.0,14.8,B
2021-07-19T14:35:19,200.0,14.8,B
2021-07-19T14:35:09,500.0,14.8,B
2021-07-19T14:35:09,100.0,14.8,B
2021-07-19T14:34:44,1000.0,14.7,S
2021-07-19T14:34:29,400.0,14.8,B
2021-07-19T14:34:19,1000.0,14.8,B
2021-07-19T14:34:04,500.0,14.7,S
2021-07-19T14:34:04,5000.0,14.8,B
2021-07-19T14:34:04,3800.0,14.8,B
2021-07-19T14:33:59,1000.0,14.8,B
2021-07-19T14:33:49,200.0,14.8,B
2021-07-19T14:32:29,2900.0,14.8,B
2021-07-19T14:32:24,1400.0,14.7,S
2021-07-19T14:32:14,200.0,14.7,S
2021-07-19T14:32:14,1000.0,14.7,S
2021-07-19T14:32:04,100.0,14.7,S
2021-07-19T14:31:49,100.0,14.7,S
2021-07-19T14:31:49,500.0,14.7,S
2021-07-19T14:31:34,1400.0,14.7,S
2021-07-19T14:31:34,300.0,14.7,B
2021-07-19T14:31:29,500.0,14.7,B
2021-07-19T14:31:29,2000.0,14.7,B
2021-07-19T14:31:24,100.0,14.7,B
2021-07-19T14:31:09,1000.0,14.7,B
2021-07-19T14:31:04,1000.0,14.7,B
2021-07-19T14:31:04,2000.0,14.7,B
2021-07-19T14:30:49,200.0,14.7,B
2021-07-19T14:30:44,300.0,14.7,B
2021-07-19T14:30:44,200.0,14.7,B
2021-07-19T14:30:39,100.0,14.7,B
2021-07-19T14:30:29,2100.0,14.7,B
2021-07-19T14:30:29,100.0,14.7,S
2021-07-19T14:30:24,1800.0,14.7,S
2021-07-19T14:30:14,1300.0,14.7,B
2021-07-19T14:30:09,2300.0,14.6,S
2021-07-19T14:29:58,2100.0,14.7,S
2021-07-19T14:29:52,900.0,14.7,B
2021-07-19T14:29:50,7000.0,14.7,B
2021-07-19T14:29:48,200.0,14.7,B
2021-07-19T14:29:45,5000.0,14.7,B
2021-07-19T14:29:39,3000.0,14.7,B
2021-07-19T14:29:38,25600.0,14.7,S
2021-07-19T14:29:37,500.0,14.7,S
2021-07-19T14:29:36,200.0,14.7,S
2021-07-19T14:29:34,500.0,14.8,B
2021-07-19T14:29:27,800.0,14.7,S
2021-07-19T14:29:13,500.0,14.7,S
2021-07-19T14:29:09,600.0,14.8,B
2021-07-19T14:29:01,300.0,14.7,S
2021-07-19T14:28:46,100.0,14.8,B
2021-07-19T14:28:26,1000.0,14.7,S
2021-07-19T14:28:03,2000.0,14.7,S
2021-07-19T14:28:02,2200.0,14.7,B
2021-07-19T14:27:58,5300.0,14.7,S
2021-07-19T14:27:55,1300.0,14.7,S
2021-07-19T14:27:51,1900.0,14.7,S
2021-07-19T14:27:48,1000.0,14.7,S
2021-07-19T14:27:41,2000.0,14.7,S
2021-07-19T14:27:34,1500.0,14.8,B
2021-07-19T14:27:32,200.0,14.7,S
2021-07-19T14:27:21,10000.0,14.7,S
2021-07-19T14:27:17,2000.0,14.7,S
2021-07-19T14:27:15,500.0,14.8,B
2021-07-19T14:27:10,2000.0,14.7,S
2021-07-19T14:27:06,200.0,14.8,B
2021-07-19T14:27:05,500.0,14.7,S
2021-07-19T14:27:01,8000.0,14.7,S
2021-07-19T14:26:59,1600.0,14.7,S
2021-07-19T14:26:50,1700.0,14.7,S
2021-07-19T14:26:47,300.0,14.7,S
2021-07-19T14:26:46,500.0,14.8,B
2021-07-19T14:26:45,200.0,14.8,B
2021-07-19T14:26:34,2000.0,14.7,S
2021-07-19T14:26:34,100.0,14.7,S
2021-07-19T14:26:29,13000.0,14.7,S
2021-07-19T14:26:22,100.0,14.7,S
2021-07-19T14:26:19,200.0,14.8,B
2021-07-19T14:26:12,1000.0,14.7,S
2021-07-19T14:26:09,15000.0,14.7,S
2021-07-19T14:26:00,1000.0,14.7,S
2021-07-19T14:25:51,2400.0,14.7,S
2021-07-19T14:25:43,100.0,14.8,S
2021-07-19T14:25:40,10000.0,14.7,S
2021-07-19T14:25:26,500.0,14.9,B
2021-07-19T14:25:20,500.0,14.8,S
2021-07-19T14:25:12,100.0,14.8,S
2021-07-19T14:25:02,4900.0,14.8,B
2021-07-19T14:24:50,1200.0,14.8,S
2021-07-19T14:24:47,100.0,14.9,B
2021-07-19T14:24:46,63200.0,14.8,S
2021-07-19T14:24:42,3000.0,14.8,S
2021-07-19T14:24:38,2100.0,14.8,S
2021-07-19T14:24:21,1700.0,14.8,S
2021-07-19T14:23:58,100.0,14.8,S
2021-07-19T14:23:50,300.0,14.9,B
2021-07-19T14:23:44,4000.0,14.8,S
2021-07-19T14:23:33,12000.0,14.8,S
2021-07-19T14:23:29,1500.0,14.8,S
2021-07-19T14:23:10,2000.0,14.8,S
2021-07-19T14:23:05,100.0,14.8,S
2021-07-19T14:22:47,100.0,14.9,B
2021-07-19T14:22:35,1000.0,14.9,B
2021-07-19T14:22:25,1500.0,14.9,B
2021-07-19T14:21:52,1000.0,14.9,B
2021-07-19T14:21:46,100.0,14.9,B
2021-07-19T14:21:33,2000.0,14.9,B
2021-07-19T14:21:29,100.0,14.9,B
2021-07-19T14:21:14,1500.0,14.9,B
2021-07-19T14:21:10,100.0,14.9,B
2021-07-19T14:21:09,100.0,14.9,B
2021-07-19T14:21:02,2000.0,14.9,B
2021-07-19T14:20:44,100.0,14.9,B
2021-07-19T14:20:37,100.0,14.9,B
2021-07-19T14:20:35,1000.0,14.9,B
2021-07-19T14:20:12,10000.0,14.9,B
2021-07-19T14:20:07,200.0,14.9,B
2021-07-19T14:20:00,100.0,14.9,B
2021-07-19T14:19:40,500.0,14.9,B
2021-07-19T14:18:44,100.0,14.9,B
2021-07-19T14:18:32,3200.0,14.9,B
2021-07-19T14:18:27,100.0,14.9,B
2021-07-19T14:18:20,3000.0,14.9,B
2021-07-19T14:18:03,1000.0,14.9,B
2021-07-19T14:17:28,1300.0,14.9,B
2021-07-19T14:16:34,24200.0,14.9,S
2021-07-19T14:16:18,1000.0,14.9,S
2021-07-19T14:16:01,500.0,14.9,S
2021-07-19T14:15:50,1400.0,14.9,S
2021-07-19T14:15:44,1000.0,14.9,S
2021-07-19T14:15:34,20000.0,14.9,S
2021-07-19T14:15:33,1100.0,14.9,S
2021-07-19T14:15:24,1000.0,14.9,S
2021-07-19T14:15:18,200.0,14.9,S
2021-07-19T14:14:42,500.0,14.9,S
2021-07-19T14:14:35,100.0,14.9,S
2021-07-19T14:14:26,200.0,14.9,S
2021-07-19T14:14:11,1500.0,14.9,S
2021-07-19T14:13:52,2000.0,14.9,S
2021-07-19T14:13:41,12000.0,15.0,B
2021-07-19T14:13:31,1400.0,14.9,S
2021-07-19T14:13:24,100.0,14.9,S
2021-07-19T14:13:22,800.0,14.9,S
2021-07-19T14:13:20,5000.0,14.9,S
2021-07-19T14:13:13,12000.0,14.9,S
2021-07-19T14:13:01,10000.0,14.9,S
2021-07-19T14:12:38,400.0,14.9,S
2021-07-19T14:12:32,2000.0,14.9,S
2021-07-19T14:11:59,2000.0,14.9,S
2021-07-19T14:11:55,2000.0,14.9,S
2021-07-19T14:11:55,1000.0,14.9,S
2021-07-19T14:11:50,1000.0,15.0,B
2021-07-19T14:11:41,100.0,15.0,B
2021-07-19T14:11:37,100.0,15.0,B
2021-07-19T14:11:27,11200.0,15.0,B
2021-07-19T14:11:08,1000.0,15.0,B
2021-07-19T14:10:22,200.0,15.0,B
2021-07-19T14:10:04,500.0,15.0,B
2021-07-19T14:09:55,700.0,14.9,S
2021-07-19T14:09:54,1900.0,14.9,S
2021-07-19T14:09:43,400.0,14.9,S
2021-07-19T14:09:09,300.0,14.9,S
2021-07-19T14:08:52,2000.0,14.9,S
2021-07-19T14:08:44,3000.0,14.9,S
2021-07-19T14:08:25,500.0,14.9,S
2021-07-19T14:08:07,900.0,14.9,S
2021-07-19T14:08:02,100.0,14.9,S
2021-07-19T14:08:01,1000.0,14.9,S
2021-07-19T14:07:36,300.0,14.9,S
2021-07-19T14:07:26,4000.0,14.9,S
2021-07-19T14:07:15,300.0,14.9,S
2021-07-19T14:07:03,1000.0,14.9,S
2021-07-19T14:06:39,500.0,14.9,B
2021-07-19T14:06:27,1000.0,14.9,B
2021-07-19T14:06:23,500.0,14.9,B
2021-07-19T14:06:10,100.0,14.8,S
2021-07-19T14:05:57,1000.0,14.9,B
2021-07-19T14:05:53,2000.0,14.9,B
2021-07-19T14:05:45,200.0,14.9,B
2021-07-19T14:05:42,800.0,14.9,B
2021-07-19T14:05:42,7400.0,14.9,S
2021-07-19T14:05:32,2600.0,14.9,B
2021-07-19T14:05:31,300.0,14.9,B
2021-07-19T14:05:16,200.0,14.9,B
2021-07-19T14:05:09,2400.0,14.9,B
2021-07-19T14:05:07,10000.0,14.9,B
2021-07-19T14:04:32,5000.0,14.9,B
2021-07-19T14:04:04,2600.0,14.9,B
2021-07-19T14:03:49,200.0,14.9,B
2021-07-19T14:03:13,1400.0,14.9,S
2021-07-19T14:03:05,200.0,14.9,S
2021-07-19T14:03:01,1800.0,14.9,S
2021-07-19T14:02:53,100.0,14.9,S
2021-07-19T14:02:48,500.0,14.9,S
2021-07-19T14:02:41,10000.0,14.9,S
2021-07-19T14:02:35,1000.0,14.9,S
2021-07-19T14:02:24,1000.0,14.9,S
2021-07-19T14:02:10,100.0,14.9,S
2021-07-19T14:02:08,500.0,14.9,S
2021-07-19T14:01:09,400.0,14.9,S
2021-07-19T14:01:04,20000.0,14.9,S
2021-07-19T14:00:24,900.0,14.9,S
2021-07-19T14:00:16,2000.0,14.9,S
2021-07-19T14:00:00,1000.0,14.9,S
2021-07-19T13:59:33,1000.0,14.9,S
2021-07-19T13:59:33,500.0,14.9,S
2021-07-19T13:59:30,2200.0,14.9,S
2021-07-19T13:58:58,300.0,14.9,S
2021-07-19T13:58:23,300.0,14.9,S
2021-07-19T13:58:09,200.0,15.0,B
2021-07-19T13:57:39,300.0,14.9,S
2021-07-19T13:57:37,1000.0,15.0,B
2021-07-19T13:57:36,2000.0,15.0,B
2021-07-19T13:57:25,500.0,15.0,B
2021-07-19T13:57:15,500.0,15.0,B
2021-07-19T13:57:05,500.0,15.0,B
2021-07-19T13:56:50,300.0,15.0,B
2021-07-19T13:56:37,2000.0,15.0,B
2021-07-19T13:56:29,500.0,15.0,B
2021-07-19T13:56:27,10000.0,15.0,B
2021-07-19T13:56:23,2000.0,15.0,B
2021-07-19T13:56:01,100.0,15.0,B
2021-07-19T13:55:46,300.0,15.0,B
2021-07-19T13:55:40,10000.0,15.0,B
2021-07-19T13:55:38,5000.0,15.0,B
2021-07-19T13:55:37,100.0,15.0,B
2021-07-19T13:55:14,5000.0,15.0,B
2021-07-19T13:54:25,1000.0,14.9,S
2021-07-19T13:53:52,4300.0,14.9,S
2021-07-19T13:53:26,700.0,14.9,S
2021-07-19T13:53:24,100.0,14.9,S
2021-07-19T13:53:21,200.0,14.9,S
2021-07-19T13:52:51,2400.0,14.9,S
2021-07-19T13:52:49,200.0,14.9,B
2021-07-19T13:52:43,100.0,14.9,B
2021-07-19T13:52:41,2000.0,14.9,B
2021-07-19T13:52:40,200.0,14.9,B
2021-07-19T13:52:38,4000.0,14.9,B
2021-07-19T13:52:37,500.0,14.9,B
2021-07-19T13:52:30,500.0,14.9,B
2021-07-19T13:52:25,12900.0,14.9,B
2021-07-19T13:52:20,1500.0,14.9,B
2021-07-19T13:52:16,100.0,14.9,B
2021-07-19T13:52:14,5000.0,14.9,B
2021-07-19T13:52:09,500.0,14.9,B
2021-07-19T13:52:05,500.0,14.9,B
2021-07-19T13:51:59,100.0,14.9,B
2021-07-19T13:51:59,800.0,14.9,B
2021-07-19T13:51:57,7000.0,14.9,B
2021-07-19T13:51:47,500.0,14.9,B
2021-07-19T13:51:41,1000.0,14.9,B
2021-07-19T13:51:33,1000.0,14.9,B
2021-07-19T13:51:32,6000.0,14.9,B
2021-07-19T13:51:29,6200.0,14.9,B
2021-07-19T13:51:23,10000.0,14.9,B
2021-07-19T13:51:20,1000.0,14.9,B
2021-07-19T13:51:14,200.0,14.9,B
2021-07-19T13:51:13,20000.0,14.9,B
2021-07-19T13:51:03,500.0,14.9,B
2021-07-19T13:50:49,500.0,14.9,B
2021-07-19T13:50:31,100.0,14.9,B
2021-07-19T13:50:16,100.0,14.9,B
2021-07-19T13:50:09,2000.0,14.9,B
2021-07-19T13:50:06,1000.0,14.9,B
2021-07-19T13:50:04,100.0,14.9,B
2021-07-19T13:49:59,1000.0,14.9,B
2021-07-19T13:49:55,700.0,14.9,B
2021-07-19T13:49:34,200.0,14.9,B
2021-07-19T13:49:19,100.0,14.9,B
2021-07-19T13:49:13,100.0,14.9,S
2021-07-19T13:49:07,500.0,14.9,S
2021-07-19T13:48:50,200.0,14.9,B
2021-07-19T13:48:44,1000.0,14.9,B
2021-07-19T13:48:35,200.0,14.9,S
2021-07-19T13:48:29,500.0,14.9,S
2021-07-19T13:48:23,300.0,14.9,S
2021-07-19T13:48:15,100.0,14.9,B
2021-07-19T13:48:13,100.0,14.9,B
2021-07-19T13:48:09,100.0,14.9,S
2021-07-19T13:48:05,100.0,14.9,S
2021-07-19T13:48:01,1800.0,14.9,B
2021-07-19T13:47:43,200.0,14.9,B
2021-07-19T13:47:43,100.0,14.9,B
2021-07-19T13:47:34,500.0,14.9,B
2021-07-19T13:47:30,2000.0,14.9,B
2021-07-19T13:47:26,200.0,14.9,B
2021-07-19T13:47:21,200.0,14.9,B
2021-07-19T13:47:16,1000.0,14.9,B
2021-07-19T13:47:10,100.0,14.9,B
2021-07-19T13:47:10,2200.0,14.8,S
2021-07-19T13:46:56,100.0,14.9,B
2021-07-19T13:46:52,9000.0,14.9,B
2021-07-19T13:46:49,600.0,14.9,B
2021-07-19T13:46:48,3200.0,14.9,B
2021-07-19T13:46:34,1000.0,14.9,B
2021-07-19T13:45:57,1000.0,14.9,B
2021-07-19T13:45:51,200.0,14.8,S
2021-07-19T13:45:46,100.0,14.8,S
2021-07-19T13:45:33,2500.0,14.9,B
2021-07-19T13:45:26,1000.0,14.9,B
2021-07-19T13:45:22,200.0,14.8,S
2021-07-19T13:45:20,500.0,14.8,S
2021-07-19T13:45:14,2000.0,14.8,S
2021-07-19T13:44:57,28300.0,14.8,S
2021-07-19T13:44:55,300.0,14.7,S
2021-07-19T13:44:52,2000.0,14.7,S
2021-07-19T13:44:50,1000.0,14.8,B
2021-07-19T13:44:45,3000.0,14.8,B
2021-07-19T13:44:22,1000.0,14.8,B
2021-07-19T13:44:21,500.0,14.7,S
2021-07-19T13:44:18,100.0,14.8,B
2021-07-19T13:44:07,100.0,14.8,B
2021-07-19T13:44:05,700.0,14.8,B
2021-07-19T13:43:52,5000.0,14.8,B
2021-07-19T13:43:41,500.0,14.8,B
2021-07-19T13:43:37,900.0,14.8,S
2021-07-19T13:43:36,5000.0,14.8,S
2021-07-19T13:43:31,2000.0,14.8,S
2021-07-19T13:43:27,1000.0,14.8,S
2021-07-19T13:43:21,500.0,14.8,S
2021-07-19T13:43:20,100.0,14.8,S
2021-07-19T13:43:12,1000.0,14.8,S
2021-07-19T13:43:10,100.0,14.8,S
2021-07-19T13:43:04,5000.0,14.8,S
2021-07-19T13:42:58,1000.0,14.8,S
2021-07-19T13:42:56,17000.0,14.8,S
2021-07-19T13:42:48,5000.0,14.8,S
2021-07-19T13:42:43,1000.0,14.9,B
2021-07-19T13:42:41,1000.0,14.8,S
2021-07-19T13:42:38,500.0,14.9,B
2021-07-19T13:42:34,100.0,14.8,S
2021-07-19T13:42:19,10000.0,14.9,B
2021-07-19T13:42:18,500.0,14.8,S
2021-07-19T13:42:12,5000.0,14.9,B
2021-07-19T13:42:08,30000.0,14.8,S
2021-07-19T13:42:03,53800.0,14.8,S
2021-07-19T13:41:27,2000.0,14.8,S
2021-07-19T13:41:18,300.0,14.8,S
2021-07-19T13:41:08,1000.0,14.8,S
2021-07-19T13:41:05,200.0,14.8,S
2021-07-19T13:41:04,500.0,14.8,S
2021-07-19T13:40:49,300.0,14.8,S
2021-07-19T13:40:45,2500.0,14.8,S
2021-07-19T13:40:23,200.0,14.8,S
2021-07-19T13:40:21,2000.0,14.8,S
2021-07-19T13:40:10,800.0,14.8,S
2021-07-19T13:40:00,100.0,14.9,B
2021-07-19T13:39:45,100.0,14.8,S
2021-07-19T13:39:41,500.0,14.9,B
2021-07-19T13:39:28,200.0,14.9,B
2021-07-19T13:39:26,100.0,14.9,B
2021-07-19T13:38:49,300.0,14.9,B
2021-07-19T13:38:31,100.0,14.9,B
2021-07-19T13:38:25,500.0,14.9,B
2021-07-19T13:37:58,200.0,14.9,B
2021-07-19T13:37:32,2000.0,14.9,B
2021-07-19T13:37:08,400.0,14.9,B
2021-07-19T13:37:03,1100.0,14.8,S
2021-07-19T13:37:00,1100.0,14.9,B
2021-07-19T13:36:51,200.0,14.9,B
2021-07-19T13:36:39,6000.0,14.9,B
2021-07-19T13:35:55,200.0,14.9,B
2021-07-19T13:35:50,1300.0,14.9,B
2021-07-19T13:35:33,5000.0,14.9,B
2021-07-19T13:35:25,1300.0,14.9,S
2021-07-19T13:34:52,200.0,14.9,B
2021-07-19T13:34:45,1000.0,14.9,B
2021-07-19T13:34:35,2000.0,14.9,B
2021-07-19T13:34:10,500.0,14.9,B
2021-07-19T13:34:03,500.0,14.9,B
2021-07-19T13:33:54,500.0,14.9,B
2021-07-19T13:33:31,500.0,14.9,S
2021-07-19T13:33:15,400.0,14.9,S
2021-07-19T13:33:06,100.0,14.9,S
2021-07-19T13:32:42,2200.0,14.9,B
2021-07-19T13:32:33,6400.0,14.8,S
2021-07-19T13:32:08,16600.0,14.8,S
2021-07-19T13:31:30,500.0,14.9,B
2021-07-19T13:31:20,2000.0,14.9,B
2021-07-19T13:31:17,200.0,14.9,S
2021-07-19T13:31:01,2200.0,14.9,S
2021-07-19T13:30:52,800.0,14.9,S
2021-07-19T13:30:46,1100.0,14.9,B
2021-07-19T13:30:31,500.0,14.9,B
2021-07-19T13:30:24,200.0,14.9,S
2021-07-19T13:30:23,2900.0,14.9,B
2021-07-19T13:29:51,7600.0,14.9,S
2021-07-19T13:29:39,6300.0,14.9,S
2021-07-19T13:29:15,500.0,14.9,S
2021-07-19T13:29:12,8000.0,14.9,S
2021-07-19T13:29:07,200.0,14.9,S
2021-07-19T13:28:53,400.0,14.9,S
2021-07-19T13:28:53,18400.0,14.9,S
2021-07-19T13:28:37,1100.0,14.9,S
2021-07-19T13:28:34,100.0,14.9,S
2021-07-19T13:28:33,3000.0,14.9,S
2021-07-19T13:28:29,100.0,14.9,S
2021-07-19T13:28:27,1300.0,14.9,S
2021-07-19T13:28:19,100.0,14.9,S
2021-07-19T13:28:17,1100.0,14.9,S
2021-07-19T13:28:02,200.0,14.9,S
2021-07-19T13:27:54,500.0,15.0,B
2021-07-19T13:27:37,300.0,15.0,B
2021-07-19T13:27:35,200.0,15.0,B
2021-07-19T13:27:32,100.0,15.0,B
2021-07-19T13:27:13,300.0,15.0,B
2021-07-19T13:26:11,39400.0,15.0,S
2021-07-19T13:26:10,1000.0,15.0,S
2021-07-19T13:25:57,100.0,15.0,S
2021-07-19T13:25:45,2900.0,15.0,S
2021-07-19T13:24:31,100.0,15.1,B
2021-07-19T13:24:16,9900.0,15.0,S
2021-07-19T13:24:11,30000.0,15.0,S
2021-07-19T13:23:49,3000.0,15.0,S
2021-07-19T13:23:48,15800.0,15.0,B
2021-07-19T13:23:36,1300.0,15.0,B
2021-07-19T13:23:34,1000.0,15.0,B
2021-07-19T13:23:32,100.0,15.0,B
2021-07-19T13:23:31,800.0,15.0,B
2021-07-19T13:23:25,200.0,15.0,B
2021-07-19T13:23:00,2000.0,15.0,B
2021-07-19T13:22:59,100.0,15.0,B
2021-07-19T13:22:42,1000.0,15.0,B
2021-07-19T13:22:33,2000.0,15.0,B
2021-07-19T13:22:27,500.0,15.0,B
2021-07-19T13:21:56,200.0,15.0,B
2021-07-19T13:21:56,2000.0,15.0,B
2021-07-19T13:21:41,1000.0,15.0,B
2021-07-19T13:21:02,9800.0,15.0,S
2021-07-19T13:20:55,100.0,15.1,B
2021-07-19T13:20:40,1000.0,15.0,S
2021-07-19T13:20:13,22900.0,15.0,S
2021-07-19T13:20:12,13100.0,15.0,S
2021-07-19T13:19:50,300.0,15.0,S
2021-07-19T13:19:45,1200.0,15.0,S
2021-07-19T13:18:01,100.0,15.0,S
2021-07-19T13:17:45,100.0,15.1,B
2021-07-19T13:17:34,300.0,15.1,B
2021-07-19T13:17:14,800.0,15.1,B
2021-07-19T13:16:59,400.0,15.1,B
2021-07-19T13:16:41,11300.0,15.1,S
2021-07-19T13:16:20,100.0,15.1,S
2021-07-19T13:15:31,300.0,15.1,S
2021-07-19T13:15:23,100.0,15.1,S
2021-07-19T13:15:09,1500.0,15.1,B
2021-07-19T13:14:26,500.0,15.1,B
2021-07-19T13:13:44,200.0,15.1,B
2021-07-19T13:13:40,500.0,15.1,B
2021-07-19T13:13:36,2000.0,15.1,B
2021-07-19T13:13:33,200.0,15.1,B
2021-07-19T13:13:30,500.0,15.1,B
2021-07-19T13:13:09,100.0,15.1,B
2021-07-19T13:13:02,100.0,15.1,B
2021-07-19T13:12:40,200.0,15.1,B
2021-07-19T13:11:47,300.0,15.0,S
2021-07-19T13:11:42,200.0,15.0,S
2021-07-19T13:11:40,10000.0,15.0,S
2021-07-19T13:11:39,700.0,15.0,S
2021-07-19T13:11:26,100.0,15.0,S
2021-07-19T13:11:23,100.0,15.0,S
2021-07-19T13:11:22,2000.0,15.0,S
2021-07-19T13:11:11,300.0,15.0,S
2021-07-19T13:11:09,5000.0,15.0,S
2021-07-19T13:10:53,3000.0,15.0,S
2021-07-19T13:10:15,200.0,15.0,S
2021-07-19T13:10:02,2100.0,15.0,S
2021-07-19T13:09:47,1000.0,15.0,S
2021-07-19T13:09:45,600.0,15.0,S
2021-07-19T13:09:24,1000.0,15.0,S
2021-07-19T13:09:13,2300.0,15.0,B
2021-07-19T13:08:58,1900.0,15.0,S
2021-07-19T13:08:32,300.0,15.0,B
2021-07-19T13:08:31,2000.0,15.0,B
2021-07-19T13:08:29,5000.0,15.0,B
2021-07-19T13:08:22,100.0,15.0,B
2021-07-19T13:08:05,100.0,15.0,B
2021-07-19T13:08:00,1000.0,14.9,S
2021-07-19T13:07:39,200.0,14.9,S
2021-07-19T13:07:35,200.0,14.9,S
2021-07-19T13:07:30,1000.0,14.9,S
2021-07-19T13:07:26,1000.0,14.9,S
2021-07-19T13:07:17,600.0,14.9,B
2021-07-19T13:07:16,43400.0,14.9,S
2021-07-19T13:07:14,1000.0,14.9,S
2021-07-19T13:07:13,500.0,14.9,S
2021-07-19T13:07:10,1000.0,15.0,B
2021-07-19T13:07:02,1000.0,14.9,S
2021-07-19T13:06:58,2000.0,14.9,S
2021-07-19T13:06:45,2000.0,14.9,S
2021-07-19T13:06:40,100.0,14.9,S
2021-07-19T13:06:33,500.0,15.0,B
2021-07-19T13:06:28,1000.0,14.9,S
2021-07-19T13:06:18,1000.0,14.9,S
2021-07-19T13:06:10,1100.0,14.9,S
2021-07-19T13:06:06,200.0,14.9,S
2021-07-19T13:06:05,100.0,14.9,B
2021-07-19T13:06:02,200.0,14.9,S
2021-07-19T13:06:00,1500.0,14.9,S
2021-07-19T13:05:57,400.0,14.9,S
2021-07-19T13:05:55,300.0,14.8,S
2021-07-19T13:05:39,32000.0,14.8,S
2021-07-19T13:05:29,1000.0,14.9,S
2021-07-19T13:05:14,400.0,14.9,S
2021-07-19T13:05:01,30000.0,14.9,S
2021-07-19T13:04:53,10000.0,14.9,S
2021-07-19T13:04:50,1000.0,14.9,S
2021-07-19T13:04:44,300.0,14.9,S
2021-07-19T13:04:15,17000.0,14.9,S
2021-07-19T13:04:08,100.0,14.9,S
2021-07-19T13:03:38,600.0,15.0,S
2021-07-19T13:03:31,2000.0,15.0,S
2021-07-19T13:03:26,400.0,15.0,S
2021-07-19T13:03:20,4500.0,15.0,S
2021-07-19T13:03:13,100.0,15.0,S
2021-07-19T13:03:09,10000.0,15.0,S
2021-07-19T13:03:04,5200.0,15.0,S
2021-07-19T13:03:00,11500.0,15.0,S
2021-07-19T13:02:48,100.0,15.0,S
2021-07-19T13:02:45,500.0,15.0,S
2021-07-19T13:02:41,9500.0,15.0,S
2021-07-19T13:02:35,102000.0,15.0,S
2021-07-19T13:02:30,18000.0,15.0,S
2021-07-19T13:02:28,1000.0,15.1,S
2021-07-19T13:02:28,200.0,15.1,S
2021-07-19T13:02:06,200.0,15.1,S
2021-07-19T13:01:46,2000.0,15.1,S
2021-07-19T13:01:38,4600.0,15.1,S
2021-07-19T13:01:25,10000.0,15.1,S
2021-07-19T13:01:16,100.0,15.1,S
2021-07-19T13:01:11,25000.0,15.1,S
2021-07-19T13:01:05,100.0,15.1,S
2021-07-19T13:01:03,100.0,15.1,S
2021-07-19T13:01:00,200.0,15.1,S
2021-07-19T13:00:57,5000.0,15.1,S
2021-07-19T13:00:26,50100.0,15.1,S
2021-07-19T13:00:24,400.0,15.1,S
2021-07-19T13:00:21,2000.0,15.1,S
2021-07-19T13:00:18,500.0,15.1,S
2021-07-19T13:00:18,200.0,15.1,S
2021-07-19T13:00:18,6500.0,15.1,S
2021-07-19T13:00:18,100.0,15.1,S
2021-07-19T13:00:18,1000.0,15.1,S
2021-07-19T13:00:18,14600.0,15.1,S
2021-07-19T13:00:15,100.0,15.1,S
2021-07-19T13:00:15,1000.0,15.1,S
2021-07-19T11:30:09,7000.0,15.1,S
2021-07-19T11:30:04,1000.0,15.1,S
2021-07-19T11:29:49,300.0,15.1,S
2021-07-19T11:29:43,100.0,15.1,S
2021-07-19T11:29:29,500.0,15.1,S
2021-07-19T11:29:28,500.0,15.2,B
2021-07-19T11:29:09,100.0,15.1,S
2021-07-19T11:28:09,1000.0,15.1,S
2021-07-19T11:27:56,500.0,15.1,S
2021-07-19T11:27:26,500.0,15.2,B
2021-07-19T11:27:17,58700.0,15.2,S
2021-07-19T11:27:14,10000.0,15.2,S
2021-07-19T11:27:03,4000.0,15.2,S
2021-07-19T11:26:46,6500.0,15.2,S
2021-07-19T11:26:44,1000.0,15.3,B
2021-07-19T11:26:42,1000.0,15.2,S
2021-07-19T11:26:02,20000.0,15.2,S
2021-07-19T11:23:57,5000.0,15.3,B
2021-07-19T11:22:39,100.0,15.3,B
2021-07-19T11:22:37,3100.0,15.3,S
2021-07-19T11:22:19,10000.0,15.3,S
2021-07-19T11:22:05,10000.0,15.3,S
2021-07-19T11:21:30,3000.0,15.4,B
2021-07-19T11:21:09,1000.0,15.3,S
2021-07-19T11:20:56,500.0,15.3,S
2021-07-19T11:20:42,10000.0,15.3,S
2021-07-19T11:19:36,1000.0,15.3,S
2021-07-19T11:19:32,1000.0,15.3,S
2021-07-19T11:17:04,200.0,15.3,S
2021-07-19T11:16:45,6000.0,15.3,S
2021-07-19T11:16:04,900.0,15.3,S
2021-07-19T11:15:07,1000.0,15.3,S
2021-07-19T11:14:45,10000.0,15.3,S
2021-07-19T11:12:19,500.0,15.3,S
2021-07-19T11:12:13,100.0,15.4,B
2021-07-19T11:10:55,400.0,15.4,B
2021-07-19T11:10:40,200.0,15.4,B
2021-07-19T11:10:31,1800.0,15.4,B
2021-07-19T11:08:56,4200.0,15.4,B
2021-07-19T11:07:46,1900.0,15.4,B
2021-07-19T11:06:41,100.0,15.4,B
2021-07-19T11:06:33,1000.0,15.3,S
2021-07-19T11:05:42,100.0,15.4,B
2021-07-19T11:05:26,5000.0,15.4,B
2021-07-19T11:05:22,2000.0,15.4,B
2021-07-19T11:04:38,5000.0,15.4,B
2021-07-19T11:04:23,100.0,15.4,B
2021-07-19T11:04:20,200.0,15.4,B
2021-07-19T11:04:16,1700.0,15.3,S
2021-07-19T11:04:05,100.0,15.4,B
2021-07-19T11:03:32,2000.0,15.4,B
2021-07-19T11:03:26,1000.0,15.4,B
2021-07-19T11:02:40,500.0,15.4,B
2021-07-19T11:01:06,3000.0,15.4,B
2021-07-19T11:00:18,5000.0,15.4,B
2021-07-19T10:59:33,200.0,15.4,B
2021-07-19T10:58:05,500.0,15.4,B
2021-07-19T10:57:54,100.0,15.4,B
2021-07-19T10:56:47,100.0,15.4,B
2021-07-19T10:56:42,200.0,15.3,S
2021-07-19T10:56:41,100.0,15.3,S
2021-07-19T10:56:21,200.0,15.3,S
2021-07-19T10:56:19,3000.0,15.3,S
2021-07-19T10:54:58,19900.0,15.3,S
2021-07-19T10:54:58,100.0,15.3,S
2021-07-19T10:54:36,1000.0,15.4,B
2021-07-19T10:54:05,200.0,15.4,B
2021-07-19T10:53:18,1000.0,15.4,B
2021-07-19T10:51:51,100.0,15.4,B
2021-07-19T10:51:38,500.0,15.4,B
2021-07-19T10:50:56,100.0,15.4,B
2021-07-19T10:49:39,300.0,15.4,B
2021-07-19T10:49:24,40000.0,15.2,S
2021-07-19T10:48:35,200.0,15.4,B
2021-07-19T10:47:48,200.0,15.4,B
2021-07-19T10:47:23,500.0,15.4,B
2021-07-19T10:46:49,3100.0,15.4,B
2021-07-19T10:45:39,100.0,15.4,B
2021-07-19T10:45:30,200.0,15.4,B
2021-07-19T10:45:28,2800.0,15.4,B
2021-07-19T10:45:23,3000.0,15.4,S
2021-07-19T10:45:00,10000.0,15.4,S
2021-07-19T10:44:36,10000.0,15.4,S
2021-07-19T10:44:32,1000.0,15.4,S
2021-07-19T10:43:23,200.0,15.4,S
2021-07-19T10:43:03,500.0,15.4,S
2021-07-19T10:43:03,100.0,15.4,S
2021-07-19T10:42:58,17100.0,15.4,B
2021-07-19T10:42:54,2000.0,15.4,B
2021-07-19T10:42:43,400.0,15.4,B
2021-07-19T10:42:37,2000.0,15.4,B
2021-07-19T10:42:19,3000.0,15.4,B
2021-07-19T10:42:16,200.0,15.4,B
2021-07-19T10:42:16,3000.0,15.4,B
2021-07-19T10:42:12,400.0,15.4,B
2021-07-19T10:42:05,500.0,15.4,B
2021-07-19T10:41:56,200.0,15.4,B
2021-07-19T10:41:48,100.0,15.4,B
2021-07-19T10:41:41,500.0,15.4,B
2021-07-19T10:41:29,1000.0,15.4,B
2021-07-19T10:41:28,100.0,15.4,B
2021-07-19T10:41:00,5600.0,15.4,B
2021-07-19T10:40:17,100.0,15.4,B
2021-07-19T10:40:16,100.0,15.4,B
2021-07-19T10:40:10,100.0,15.4,B
2021-07-19T10:39:59,2000.0,15.4,B
2021-07-19T10:39:20,5000.0,15.4,B
2021-07-19T10:38:52,10000.0,15.4,B
2021-07-19T10:37:27,400.0,15.4,B
2021-07-19T10:37:12,800.0,15.4,B
2021-07-19T10:36:05,1200.0,15.3,B
2021-07-19T10:36:01,3000.0,15.3,B
2021-07-19T10:35:57,300.0,15.3,B
2021-07-19T10:35:52,1000.0,15.2,S
2021-07-19T10:35:32,10000.0,15.3,B
2021-07-19T10:35:19,40000.0,15.3,B
2021-07-19T10:35:07,100.0,15.3,B
2021-07-19T10:34:58,100.0,15.2,S
2021-07-19T10:34:19,1000.0,15.3,B
2021-07-19T10:34:17,100.0,15.3,B
2021-07-19T10:33:53,1100.0,15.3,B
2021-07-19T10:33:45,5000.0,15.3,B
2021-07-19T10:33:32,10000.0,15.3,B
2021-07-19T10:33:09,300.0,15.3,B
2021-07-19T10:30:39,100.0,15.3,B
2021-07-19T10:28:25,3100.0,15.2,S
2021-07-19T10:28:22,100.0,15.3,B
2021-07-19T10:28:02,300.0,15.2,S
2021-07-19T10:27:54,1000.0,15.2,S
2021-07-19T10:27:46,2000.0,15.3,B
2021-07-19T10:27:31,300.0,15.2,S
2021-07-19T10:27:25,100.0,15.2,S
2021-07-19T10:26:11,2000.0,15.3,B
2021-07-19T10:26:04,4000.0,15.2,S
2021-07-19T10:26:02,1000.0,15.2,S
2021-07-19T10:26:02,200.0,15.2,S
2021-07-19T10:25:48,600.0,15.2,S
2021-07-19T10:24:49,1000.0,15.2,S
2021-07-19T10:24:04,400.0,15.2,S
2021-07-19T10:23:41,1000.0,15.3,B
2021-07-19T10:23:18,200.0,15.3,B
2021-07-19T10:21:55,4000.0,15.3,B
2021-07-19T10:21:35,100.0,15.3,B
2021-07-19T10:20:51,1000.0,15.3,B
2021-07-19T10:20:50,500.0,15.3,B
2021-07-19T10:20:39,100.0,15.3,B
2021-07-19T10:20:23,100.0,15.3,B
2021-07-19T10:19:34,3000.0,15.3,B
2021-07-19T10:19:25,3000.0,15.2,S
2021-07-19T10:19:17,100.0,15.3,B
2021-07-19T10:18:54,3500.0,15.2,S
2021-07-19T10:18:24,2000.0,15.2,S
2021-07-19T10:18:07,500.0,15.2,S
2021-07-19T10:17:18,100.0,15.3,B
2021-07-19T10:16:09,1000.0,15.3,B
2021-07-19T10:16:05,2000.0,15.3,B
2021-07-19T10:15:48,300.0,15.2,S
2021-07-19T10:15:03,5000.0,15.2,S
2021-07-19T10:14:50,300.0,15.3,B
2021-07-19T10:14:38,2000.0,15.2,S
2021-07-19T10:14:34,2000.0,15.2,S
2021-07-19T10:14:09,5000.0,15.2,S
2021-07-19T10:14:00,1000.0,15.2,S
2021-07-19T10:13:59,3000.0,15.2,S
2021-07-19T10:13:53,200.0,15.2,S
2021-07-19T10:13:46,2000.0,15.2,S
2021-07-19T10:13:32,6000.0,15.2,S
2021-07-19T10:13:24,1000.0,15.3,B
2021-07-19T10:12:48,1000.0,15.2,S
2021-07-19T10:11:14,1000.0,15.3,B
2021-07-19T10:11:04,900.0,15.2,S
2021-07-19T10:10:38,100.0,15.3,B
2021-07-19T10:10:37,1000.0,15.3,B
2021-07-19T10:09:29,5000.0,15.3,B
2021-07-19T10:08:56,10000.0,15.3,B
2021-07-19T10:08:16,100.0,15.3,B
2021-07-19T10:07:14,7100.0,15.3,B
2021-07-19T10:07:12,10000.0,15.3,S
2021-07-19T10:07:06,10000.0,15.3,S
2021-07-19T10:07:05,5000.0,15.3,S
2021-07-19T10:06:54,100.0,15.3,S
2021-07-19T10:06:47,100.0,15.3,S
2021-07-19T10:06:45,10000.0,15.3,S
2021-07-19T10:06:19,100.0,15.3,S
2021-07-19T10:06:08,200.0,15.3,S
2021-07-19T10:05:52,100.0,15.3,S
2021-07-19T10:05:39,300.0,15.3,S
2021-07-19T10:05:36,19700.0,15.3,S
2021-07-19T10:05:01,700.0,15.3,B
2021-07-19T10:04:40,100.0,15.3,B
2021-07-19T10:04:13,900.0,15.3,B
2021-07-19T10:04:10,1000.0,15.3,B
2021-07-19T10:03:46,17700.0,15.3,S
2021-07-19T10:03:42,100.0,15.3,S
2021-07-19T10:03:41,500.0,15.3,S
2021-07-19T10:03:24,300.0,15.3,S
2021-07-19T10:03:16,43600.0,15.3,S
2021-07-19T10:03:10,1000.0,15.3,B
2021-07-19T10:03:07,17300.0,15.2,S
2021-07-19T10:02:49,300.0,15.3,B
2021-07-19T10:02:38,2000.0,15.2,S
2021-07-19T10:01:53,100.0,15.3,B
2021-07-19T10:01:46,500.0,15.3,B
2021-07-19T10:01:24,400.0,15.3,B
2021-07-19T10:01:03,100.0,15.3,B
2021-07-19T10:00:59,200.0,15.3,B
2021-07-19T10:00:51,1000.0,15.3,B
2021-07-19T10:00:41,100.0,15.3,B
2021-07-19T10:00:16,300.0,15.3,B
2021-07-19T10:00:00,10000.0,15.3,B
2021-07-19T09:59:59,200.0,15.3,B
2021-07-19T09:59:42,100.0,15.3,B
2021-07-19T09:59:32,1700.0,15.3,B
2021-07-19T09:59:10,10000.0,15.3,B
2021-07-19T09:58:38,800.0,15.3,B
2021-07-19T09:58:31,100.0,15.3,B
2021-07-19T09:58:25,100.0,15.3,B
2021-07-19T09:57:48,200.0,15.3,B
2021-07-19T09:57:06,1200.0,15.2,S
2021-07-19T09:57:04,10000.0,15.3,B
2021-07-19T09:56:51,400.0,15.3,B
2021-07-19T09:56:26,800.0,15.3,S
2021-07-19T09:56:02,100.0,15.3,S
2021-07-19T09:55:55,100.0,15.3,S
2021-07-19T09:55:47,9800.0,15.3,B
2021-07-19T09:55:31,100.0,15.3,B
2021-07-19T09:55:01,2000.0,15.3,B
2021-07-19T09:54:41,16400.0,15.3,B
2021-07-19T09:54:33,100.0,15.3,B
2021-07-19T09:54:07,1300.0,15.3,B
2021-07-19T09:53:57,1400.0,15.3,S
2021-07-19T09:53:50,1000.0,15.3,S
2021-07-19T09:53:39,100.0,15.3,S
2021-07-19T09:53:36,500.0,15.3,B
2021-07-19T09:53:06,3000.0,15.2,S
2021-07-19T09:53:02,100.0,15.3,B
2021-07-19T09:52:53,2000.0,15.3,B
2021-07-19T09:52:30,3000.0,15.3,B
2021-07-19T09:52:26,2000.0,15.3,B
2021-07-19T09:52:14,5000.0,15.3,B
2021-07-19T09:52:09,500.0,15.2,S
2021-07-19T09:51:37,1000.0,15.2,S
2021-07-19T09:50:59,1000.0,15.2,S
2021-07-19T09:50:20,2000.0,15.2,S
2021-07-19T09:49:59,100.0,15.2,S
2021-07-19T09:49:31,600.0,15.2,B
2021-07-19T09:49:27,1000.0,15.2,B
2021-07-19T09:49:27,100.0,15.2,B
2021-07-19T09:49:21,2000.0,15.2,B
2021-07-19T09:49:02,100.0,15.2,B
2021-07-19T09:48:56,400.0,15.2,B
2021-07-19T09:48:53,5900.0,15.2,S
2021-07-19T09:48:33,14100.0,15.2,B
2021-07-19T09:48:29,300.0,15.2,B
2021-07-19T09:48:25,2200.0,15.2,B
2021-07-19T09:48:06,1000.0,15.2,B
2021-07-19T09:48:01,600.0,15.2,B
2021-07-19T09:47:37,3900.0,15.1,S
2021-07-19T09:47:34,5900.0,15.1,B
2021-07-19T09:47:32,100.0,15.1,B
2021-07-19T09:47:28,4000.0,15.1,S
2021-07-19T09:47:20,3000.0,15.2,B
2021-07-19T09:47:03,1000.0,15.2,B
2021-07-19T09:47:01,10000.0,15.1,S
2021-07-19T09:47:00,2000.0,15.2,B
2021-07-19T09:46:13,1400.0,15.1,B
2021-07-19T09:46:09,600.0,15.1,B
2021-07-19T09:46:03,500.0,15.0,S
2021-07-19T09:46:01,3000.0,15.0,S
2021-07-19T09:45:51,10000.0,15.0,S
2021-07-19T09:45:50,100.0,15.1,S
2021-07-19T09:45:48,16300.0,15.1,B
2021-07-19T09:45:28,5000.0,15.1,B
2021-07-19T09:45:09,4000.0,15.0,S
2021-07-19T09:45:08,2700.0,15.0,S
2021-07-19T09:44:47,1300.0,15.1,B
2021-07-19T09:44:19,3700.0,15.1,B
2021-07-19T09:44:14,1000.0,15.1,S
2021-07-19T09:44:02,5000.0,15.1,S
2021-07-19T09:43:55,5000.0,15.1,S
2021-07-19T09:43:53,4000.0,15.1,S
2021-07-19T09:43:48,44000.0,15.1,S
2021-07-19T09:43:32,200.0,15.1,S
2021-07-19T09:43:23,9000.0,15.1,S
2021-07-19T09:43:22,10000.0,15.1,S
2021-07-19T09:43:09,200.0,15.1,S
2021-07-19T09:43:05,3000.0,15.1,S
2021-07-19T09:43:00,400.0,15.1,S
2021-07-19T09:42:56,700.0,15.1,S
2021-07-19T09:42:51,10000.0,15.1,S
2021-07-19T09:42:46,6000.0,15.1,S
2021-07-19T09:42:28,500.0,15.1,S
2021-07-19T09:42:15,1000.0,15.1,S
2021-07-19T09:42:14,300.0,15.1,S
2021-07-19T09:41:57,2200.0,15.1,S
2021-07-19T09:41:52,3000.0,15.1,S
2021-07-19T09:41:42,4000.0,15.1,S
2021-07-19T09:41:40,1000.0,15.1,S
2021-07-19T09:41:30,6000.0,15.1,S
2021-07-19T09:41:17,400.0,15.2,B
2021-07-19T09:40:50,1500.0,15.2,B
2021-07-19T09:40:34,100.0,15.2,B
2021-07-19T09:40:22,200.0,15.2,B
2021-07-19T09:40:20,1000.0,15.2,B
2021-07-19T09:39:59,11900.0,15.2,S
2021-07-19T09:39:53,3000.0,15.2,S
2021-07-19T09:39:21,1800.0,15.2,S
2021-07-19T09:39:19,300.0,15.3,B
2021-07-19T09:39:01,5000.0,15.2,S
2021-07-19T09:38:52,100.0,15.2,S
2021-07-19T09:38:50,1600.0,15.2,S
2021-07-19T09:38:43,800.0,15.3,B
2021-07-19T09:38:32,200.0,15.2,S
2021-07-19T09:38:24,100.0,15.2,S
2021-07-19T09:38:15,100.0,15.2,S
2021-07-19T09:37:45,300.0,15.2,S
2021-07-19T09:36:34,200.0,15.3,B
2021-07-19T09:36:27,1000.0,15.2,S
2021-07-19T09:36:22,60000.0,15.2,S
2021-07-19T09:35:54,200.0,15.3,B
2021-07-19T09:35:36,7200.0,15.3,S
2021-07-19T09:35:32,2000.0,15.3,S
2021-07-19T09:35:16,1300.0,15.3,S
2021-07-19T09:35:08,200.0,15.3,B
2021-07-19T09:34:51,100.0,15.3,B
2021-07-19T09:34:40,500.0,15.3,B
2021-07-19T09:34:34,29900.0,15.3,S
2021-07-19T09:33:54,500.0,15.4,B
2021-07-19T09:33:44,300.0,15.4,B
2021-07-19T09:33:20,40000.0,15.4,B
2021-07-19T09:33:17,2000.0,15.3,S
2021-07-19T09:33:01,3200.0,15.3,S
2021-07-19T09:32:59,1000.0,15.4,B
2021-07-19T09:32:47,10000.0,15.3,S
2021-07-19T09:32:32,500.0,15.4,B
2021-07-19T09:32:21,3000.0,15.4,B
2021-07-19T09:32:10,100.0,15.4,B
2021-07-19T09:31:46,700.0,15.3,S
2021-07-19T09:31:34,300.0,15.4,B
2021-07-19T09:31:32,3000.0,15.4,B
2021-07-19T09:31:30,1000.0,15.4,B
2021-07-19T09:31:28,500.0,15.4,B
2021-07-19T09:31:27,100.0,15.4,B
2021-07-19T09:31:25,100.0,15.4,B
2021-07-19T09:31:14,400.0,15.4,B
2021-07-19T09:31:04,100.0,15.4,B
2021-07-19T09:30:38,1500.0,15.4,B
2021-07-19T09:30:36,2000.0,15.3,S
2021-07-19T09:30:18,500.0,15.4,B
2021-07-19T09:30:15,100.0,15.4,B
2021-07-19T09:30:02,100.0,15.4,B
2021-07-19T09:29:57,200.0,15.4,B
2021-07-19T09:29:47,300.0,15.3,S
2021-07-19T09:29:22,500.0,15.4,B
2021-07-19T09:29:12,10000.0,15.3,S
2021-07-19T09:28:55,10000.0,15.4,B
2021-07-19T09:28:53,2000.0,15.3,S
2021-07-19T09:28:26,15000.0,15.3,S
2021-07-19T09:28:22,100.0,15.4,B
2021-07-19T09:28:07,300.0,15.4,B
2021-07-19T09:27:34,1000.0,15.4,B
2021-07-19T09:27:28,1000.0,15.4,B
2021-07-19T09:27:17,4000.0,15.4,B
2021-07-19T09:27:11,28800.0,15.3,S
2021-07-19T09:26:57,500.0,15.4,B
2021-07-19T09:26:40,200.0,15.4,B
2021-07-19T09:26:32,600.0,15.3,S
2021-07-19T09:26:20,1000.0,15.4,B
2021-07-19T09:26:11,300.0,15.4,B
2021-07-19T09:26:06,500.0,15.4,B
2021-07-19T09:26:04,1100.0,15.4,B
2021-07-19T09:26:01,1000.0,15.4,B
2021-07-19T09:25:42,200.0,15.4,B
2021-07-19T09:25:02,5800.0,15.3,S
2021-07-19T09:24:59,100.0,15.3,B
2021-07-19T09:24:50,100.0,15.3,B
2021-07-19T09:24:48,100.0,15.3,B
2021-07-19T09:24:47,100.0,15.3,B
2021-07-19T09:24:44,12300.0,15.3,S
2021-07-19T09:24:41,1000.0,15.3,S
2021-07-19T09:24:35,500.0,15.3,S
2021-07-19T09:24:23,300.0,15.3,S
2021-07-19T09:24:12,15000.0,15.3,S
2021-07-19T09:24:06,300.0,15.4,B
2021-07-19T09:23:46,10000.0,15.4,B
2021-07-19T09:23:44,400.0,15.3,S
2021-07-19T09:23:27,5000.0,15.3,S
2021-07-19T09:23:18,5500.0,15.3,S
2021-07-19T09:22:48,1000.0,15.3,S
2021-07-19T09:22:39,1000.0,15.3,S
2021-07-19T09:22:38,100.0,15.3,S
2021-07-19T09:22:30,10000.0,15.3,S
2021-07-19T09:22:19,100.0,15.4,B
2021-07-19T09:22:17,100.0,15.3,S
2021-07-19T09:22:15,100.0,15.4,B
2021-07-19T09:22:10,100.0,15.3,S
2021-07-19T09:22:04,200.0,15.3,S
2021-07-19T09:21:59,2800.0,15.3,S
2021-07-19T09:21:55,1600.0,15.3,S
2021-07-19T09:21:51,1000.0,15.3,S
2021-07-19T09:21:40,400.0,15.3,S
2021-07-19T09:21:21,1500.0,15.3,S
2021-07-19T09:21:10,200.0,15.3,S
2021-07-19T09:21:08,1700.0,15.3,S
2021-07-19T09:21:08,5000.0,15.3,S
2021-07-19T09:21:06,1300.0,15.3,S
2021-07-19T09:20:49,2000.0,15.3,S
2021-07-19T09:20:47,1000.0,15.3,S
2021-07-19T09:20:29,10000.0,15.3,S
2021-07-19T09:20:21,500.0,15.3,S
2021-07-19T09:20:16,500.0,15.3,S
2021-07-19T09:20:04,10000.0,15.4,B
2021-07-19T09:19:59,8900.0,15.3,S
2021-07-19T09:19:48,500.0,15.3,S
2021-07-19T09:19:38,300.0,15.3,S
2021-07-19T09:19:35,700.0,15.3,S
2021-07-19T09:19:32,10000.0,15.3,S
2021-07-19T09:19:20,3500.0,15.3,S
2021-07-19T09:19:08,200.0,15.4,B
2021-07-19T09:18:37,3000.0,15.3,S
2021-07-19T09:18:32,500.0,15.4,B
2021-07-19T09:18:22,200.0,15.4,B
2021-07-19T09:18:11,100.0,15.4,B
2021-07-19T09:18:03,10000.0,15.4,B
2021-07-19T09:17:52,400.0,15.3,S
2021-07-19T09:17:50,2000.0,15.3,S
2021-07-19T09:17:36,2000.0,15.3,S
2021-07-19T09:17:08,3500.0,15.3,S
2021-07-19T09:17:04,400.0,15.4,B
2021-07-19T09:17:01,300.0,15.4,B
2021-07-19T09:16:56,10000.0,15.4,B
2021-07-19T09:16:54,200.0,15.4,B
2021-07-19T09:16:44,200.0,15.4,B
2021-07-19T09:16:37,100.0,15.4,B
2021-07-19T09:16:20,200.0,15.4,B
2021-07-19T09:15:53,1000.0,15.4,S
2021-07-19T09:15:44,32000.0,15.3,S
2021-07-19T09:15:43,900.0,15.4,B
2021-07-19T09:15:35,700.0,15.4,B
2021-07-19T09:15:31,100.0,15.4,B
2021-07-19T09:15:24,400.0,15.4,B
2021-07-19T09:15:09,2000.0,15.4,B
2021-07-19T09:15:07,500.0,15.4,S
2021-07-19T09:15:06,100.0,15.4,S
2021-07-19T09:15:02,5000.0,15.4,S
2021-07-19T09:14:55,2600.0,15.4,S
2021-07-19T09:14:48,1000.0,15.4,S
2021-07-19T09:14:37,100.0,15.4,S
2021-07-19T09:14:35,1000.0,15.5,B
2021-07-19T09:13:54,1000.0,15.4,S
2021-07-19T09:13:43,100.0,15.4,S
2021-07-19T09:13:41,3200.0,15.4,B
2021-07-19T09:13:36,100.0,15.4,B
2021-07-19T09:13:03,24300.0,15.3,B
2021-07-19T09:12:52,5000.0,15.2,S
2021-07-19T09:12:51,6000.0,15.2,S
2021-07-19T09:12:40,1900.0,15.2,S
2021-07-19T09:12:39,200.0,15.2,S
2021-07-19T09:12:32,7000.0,15.2,S
2021-07-19T09:11:56,100.0,15.2,S
2021-07-19T09:11:55,1000.0,15.2,S
2021-07-19T09:11:40,400.0,15.2,S
2021-07-19T09:11:36,800.0,15.2,B
2021-07-19T09:11:31,200.0,15.2,B
2021-07-19T09:11:28,200.0,15.2,B
2021-07-19T09:11:10,1000.0,15.2,B
2021-07-19T09:11:05,500.0,15.2,B
2021-07-19T09:10:57,300.0,15.2,B
2021-07-19T09:10:51,1000.0,15.2,B
2021-07-19T09:10:45,1000.0,15.2,B
2021-07-19T09:10:40,200.0,15.2,B
2021-07-19T09:10:32,200.0,15.2,B
2021-07-19T09:10:27,5000.0,15.1,S
2021-07-19T09:10:23,800.0,15.1,S
2021-07-19T09:10:02,900.0,15.1,B
2021-07-19T09:09:58,100.0,15.1,B
2021-07-19T09:09:48,100.0,15.1,B
2021-07-19T09:09:40,500.0,15.1,B
2021-07-19T09:09:36,4400.0,15.1,S
2021-07-19T09:09:30,5000.0,15.1,S
2021-07-19T09:09:28,400.0,15.1,S
2021-07-19T09:09:27,500.0,15.1,S
2021-07-19T09:09:21,10000.0,15.1,S
2021-07-19T09:09:01,6800.0,15.1,S
2021-07-19T09:08:51,5000.0,15.2,B
2021-07-19T09:08:48,500.0,15.2,B
2021-07-19T09:08:44,37700.0,15.2,B
2021-07-19T09:08:40,5200.0,15.4,S
2021-07-19T09:08:13,1100.0,15.4,S
2021-07-19T09:08:12,1000.0,15.5,B
2021-07-19T09:07:58,700.0,15.4,B
2021-07-19T09:07:54,1800.0,15.3,S
2021-07-19T09:07:53,100.0,15.4,B
2021-07-19T09:07:52,200.0,15.4,S
2021-07-19T09:07:49,10000.0,15.5,B
2021-07-19T09:07:40,200.0,15.4,B
2021-07-19T09:07:38,1000.0,15.3,S
2021-07-19T09:07:19,100.0,15.3,B
2021-07-19T09:07:18,2000.0,15.3,B
2021-07-19T09:07:17,1000.0,15.3,B
2021-07-19T09:06:58,100.0,15.3,B
2021-07-19T09:06:58,1000.0,15.3,B
2021-07-19T09:06:56,500.0,15.3,B
2021-07-19T09:06:50,300.0,15.3,S
2021-07-19T09:06:48,500.0,15.3,S
2021-07-19T09:06:42,100.0,15.3,S
2021-07-19T09:06:41,600.0,15.3,S
2021-07-19T09:06:29,900.0,15.2,S
2021-07-19T09:06:26,500.0,15.3,B
2021-07-19T09:06:15,5000.0,15.2,B
2021-07-19T09:05:58,1300.0,15.1,B
2021-07-19T09:05:57,100.0,15.1,B
2021-07-19T09:05:55,100.0,15.1,B
2021-07-19T09:05:55,100.0,15.1,B
2021-07-19T09:05:49,1000.0,15.1,B
2021-07-19T09:05:49,1500.0,15.1,B
2021-07-19T09:05:49,200.0,15.1,B
2021-07-19T09:05:44,500.0,15.1,B
2021-07-19T09:05:43,100.0,15.1,B
2021-07-19T09:05:39,5000.0,15.1,B
2021-07-19T09:05:36,100.0,15.1,B
2021-07-19T09:05:22,2300.0,15.0,B
2021-07-19T09:05:20,1400.0,15.0,B
2021-07-19T09:05:15,1000.0,14.9,S
2021-07-19T09:05:13,300.0,15.0,B
2021-07-19T09:04:54,2400.0,14.9,B
2021-07-19T09:04:52,6000.0,14.9,B
2021-07-19T09:04:51,200.0,14.9,B
2021-07-19T09:04:45,500.0,14.9,B
2021-07-19T09:04:36,5000.0,14.8,S
2021-07-19T09:04:32,100.0,14.9,B
2021-07-19T09:04:20,200.0,14.8,B
2021-07-19T09:04:15,100.0,14.8,B
2021-07-19T09:04:14,100.0,14.8,B
2021-07-19T09:04:13,100.0,14.8,B
2021-07-19T09:04:11,6000.0,14.8,S
2021-07-19T09:04:06,3000.0,14.8,S
2021-07-19T09:04:03,21500.0,14.8,B
2021-07-19T09:03:57,100.0,14.8,B
2021-07-19T09:03:41,1000.0,14.8,B
2021-07-19T09:03:39,300.0,14.8,B
2021-07-19T09:03:32,1000.0,14.8,B
2021-07-19T09:03:27,400.0,14.8,B
2021-07-19T09:03:24,3200.0,14.8,B
2021-07-19T09:03:22,1000.0,14.8,S
2021-07-19T09:03:19,400.0,14.8,S
2021-07-19T09:03:18,1000.0,14.9,B
2021-07-19T09:03:15,300.0,14.9,B
2021-07-19T09:03:10,100.0,14.9,B
2021-07-19T09:03:08,700.0,14.9,B
2021-07-19T09:02:50,500.0,14.9,S
2021-07-19T09:02:46,4300.0,14.8,S
2021-07-19T09:02:40,22200.0,15.0,S
2021-07-19T09:02:38,1900.0,15.0,S
2021-07-19T09:02:37,200.0,15.0,S
2021-07-19T09:02:35,100.0,15.1,B
2021-07-19T09:02:32,6700.0,15.1,S
2021-07-19T09:02:30,1000.0,15.1,S
2021-07-19T09:02:30,200.0,15.1,S
2021-07-19T09:02:24,30000.0,15.1,S
2021-07-19T09:02:23,3000.0,15.1,S
2021-07-19T09:02:15,13200.0,15.1,S
2021-07-19T09:02:10,49700.0,15.1,S
2021-07-19T09:02:09,100.0,15.3,B
2021-07-19T09:02:03,100.0,15.3,B
2021-07-19T09:01:59,1300.0,15.1,S
2021-07-19T09:01:48,100.0,15.3,B
2021-07-19T09:01:45,1000.0,15.3,B
2021-07-19T09:01:43,800.0,15.3,S
2021-07-19T09:01:41,700.0,15.3,S
2021-07-19T09:01:37,1000.0,15.5,B
2021-07-19T09:01:35,3100.0,15.3,S
2021-07-19T09:01:23,300.0,15.5,B
2021-07-19T09:01:15,1000.0,15.5,B
2021-07-19T09:01:14,1100.0,15.3,S
2021-07-19T09:00:56,100.0,15.5,B
2021-07-19T09:00:55,3500.0,15.3,S
2021-07-19T09:00:47,1200.0,15.5,S
2021-07-19T09:00:38,600.0,15.6,B
2021-07-19T09:00:38,300.0,15.6,B
2021-07-19T09:00:34,3000.0,15.3,S
2021-07-19T09:00:30,100.0,15.6,B
2021-07-19T09:00:28,1200.0,15.6,B
2021-07-19T09:00:26,200.0,15.6,B
2021-07-19T09:00:18,4400.0,15.6,S
2021-07-19T09:00:10,100.0,15.9,B
2021-07-19T09:00:06,100.0,16.0,S
2021-07-19T09:00:06,100.0,16.0,S
2021-07-19T09:00:04,400.0,16.1,S
